1858 3146
482 127 656 160 1116111116
680 127 898 158 umens
924 117 1054 157 *11666
1081 115 1355 157 miserrume.
1673 116 1702 155 '1

135 203 232 256 uis,
249 205 368 246 sinon
388 217 494 258 pour
514 218 596 259 que
613 206 673 246 les
691 204 898 245 chretiens
917 203 979 256 s’y
997 206 1201 256 occupent
1220 204 1271 244 de
1291 204 1395 243 Dieu
1415 207 1457 243 et
1475 215 1697 256 pom-que,

134 270 393 323 mastauron
412 283 536 311 consu
645 270 689 309 ix
706 269 864 322 grands
879 269 998 322 Jours
1017 271 1043 309 6
1061 269 1133 308 dos
1151 268 1320 308 aflaires
1338 267 1554 320 profanes,
1576 268 1628 308 ils
1645 280 1703 310 οι

135 339 382 376 enumerent
394 349 451 376 un
471 337 588 383 tresve
645 335 866 376 cialement
879 346 933 374 eu
949 334 1059 374 culte
1071 333 1213 374 divin?
1230 333 1375 381 Quelle
1388 333 1476 372 doit
1490 334 1578 373 etre
1591 334 1708 385 alote
1733 380 1746 390 ,

136 398 180 440 h
190 399 332 452 pieuse
347 401 685 448 coutume‚>sinon
699 399 750 439 de
765 399 879 452 prier
891 399 930 451 16
944 399 1154 451 seigneur
1167 411 1276 451 pour
1291 398 1350 438 les
1363 397 1514 450 peches
1525 398 1706 438 comnis

137 465 324 517 pendant
351 468 465 505 toute
485 465 525 504 la
544 465 745 515 semaine,
767 476 867 504 avec
885 464 935 504 de
955 463 1065 504 vrais
1097 463 1344 503 sentiments
1374 463 1424 502 de
1455 463 1701 514 contrition,

135 533 180 570 et
194 530 250 570 de
269 529 453 582 wpplier
483 542 590 582 pour
606 530 696 569 etre
715 531 928 581 pre-serves
958 529 999 568 la
1030 529 1215 568 semeine
1247 528 1435 569 suivante
1454 528 1527 567 des
1553 527 1703 580 peches

134 595 210 648 qui
227 595 470 647 peuri-aient
488 594 709 635 survenir?
728 596 788 634 Le
805 599 1002 634 coutume
1022 594 1094 633 des
1113 594 1315 646 premiers
1342 593 1564 633 Chretiens
1584 604 1637 633 ne
1655 605 1702 633 66

135 659 301 700 hornut
315 660 436 711 point
450 662 478 699 a
498 660 600 699 cela.
633 660 737 699 Mais
768 659 986 709 autrefois,
1019 659 1183 711 chaque
1214 659 1450 705 (1161666116,
1484 657 1544 698 165
1575 658 1706 710 pieux

132 724 279 769 fideles
302 734 351 764 sc
381 725 687 765 nourrissaient
700 725 757 765 >de
776 724 818 764 la
837 725 972 764 sainte
992 723 1280 764 communion.
1301 723 1453 763 C'etait
1471 722 1511 762 16
1540 726 1705 763 montor

131 788 421 837 nemmem,
443 791 469 829 ὲ
488 789 527 828 la
548 789 679 829 vision
701 790 751 830 de
770 790 809 829 la
830 790 950 842 paix;
973 789 1174 829 chercher
1191 789 1244 829 (16
1266 791 1358 828 tout
1389 801 1505 828 coeur
1538 788 1578 829 la
1605 787 1707 840 puix

132 852 360 894 inficiente
377 866 454 906 par
472 854 510 894 le
529 858 760 896 sacremeut
778 855 829 895 de
846 855 1084 895 confession
1099 854 1207 894 etde
1225 854 1510 902 communion,
1534 858 1576 893 et
1597 853 1706 906 aspi·

130 929 202 959 661·
215 919 245 959 ὁ,
264 918 307 958 le
326 919 511 960 1101166111·
526 919 586 958 du
613 919 749 960 Verbe
778 931 878 959 avec
897 919 937 959 la
956 922 1106 972 purete
1122 919 1176 959 de
1198 919 1238 959 la
1257 918 1496 958 conscience
1517 921 1558 958 et
1577 917 1616 958 16
1636 929 1705 959 re-

132 995 208 1037 pos
223 984 277 1024 de
297 984 472 1037 l’esprit.
492 986 526 1025 A
549 988 669 1024 notre
690 987 873 1037 epoque,
908 983 1047 1037 quelle
1078 988 1141 1024 est
1172 984 1213 1024 la
1245 987 1441 1024 coutume
1473 983 1528 1023 du
1570 982 1708 1034 grand

132 1049 308 1090 nombre
327 1062 410 1090 eux
424 1050 543 1102 jours
561 1050 613 1090 de
632 1050 730 1099 sete,
753 1050 873 1090 sinon
894 1050 944 1090 de
973 1050 1197 1089 s’adonner
1216 1062 1271 1089 eu
1291 1061 1414 1102 repos
1445 1052 1486 1088 et
1518 1050 1543 1088 6
1575 1048 1705 1088 l’oisi-

133 1107 250 1164 vet&
272 1115 324 1155 de
343 1127 485 1167 passer
503 1127 577 1155 sou
595 1117 730 1167 temps
750 1127 834 1154 aux
853 1114 939 1165 des,
962 1127 1046 1155 aux
1065 1119 1199 1155 cartes
1213 1118 1261 1154 >et
1285 1117 1427 1154 autres
1455 1114 1559 1165 jeux
1592 1113 1706 1157 indi-

135 1190 238 1232 gnes
257 1180 329 1220 des
347 1180 581 1228 chnetienm
603 1180 819 1232 employer
838 1192 1017 1232 presque
1037 1192 1081 1219 sa
1098 1180 1278 1231 journee
1296 1180 1457 1221 6611616
1472 1181 1496 1219 e
1510 1190 1702 1231 manger,

133 1246 159 1284 ὰ
175 1243 293 1285 boire
311 1247 353 1284 et
370 1247 395 1284 (Ξι
413 1245 637 1295 s'amuser;
660 1246 834 1285 susciter
852 1245 925 1284 des
946 1245 1178 1297 querelles;
1202 1245 1446 1297 frequenter
1466 1245 1525 1284 les
1545 1245 1634 1284 hals
1662 1246 1706 1285 ot

132 1307 192 1349 1611
210 1309 360 1350 denses
377 1314 422 1350 et
440 1310 545 1350 faire
566 1310 682 1349 1111116
701 1314 843 1349 autres
862 1309 1006 1349 choses
1027 1310 1222 1360 indignes
1243 1310 1293 1348 de
1311 1309 1552 1349 chretiens?
1573 1308 1704 1349 L'em-

130 1373 220 1427 pire
252 1375 303 1414 (16
332 1378 440 1414 66116
470 1377 667 1414 coutume
701 1375 912 1414 mauvaise
944 1377 1006 1413 est
1040 1374 1252 1414 tellement
1287 1374 1486 1414 enracine
1526 1386 1607 1426 que
1642 1373 1703 1413 len

129 1441 318 1492 pasteurs
337 1439 407 1479 des
428 1440 543 1479 emes
563 1442 636 1478 ont
655 1439 761 1479 beau
783 1438 983 1479 chercher
1002 1441 1026 1478 6
1046 1439 1087 1478 la
1107 1438 1292 1478 detruire
1313 1451 1391 1491 par
1420 1438 1532 1478 leurs
1551 1438 1642 1478 avis
1660 1444 1703 1478 et

132 1503 245 1544 leurs
274 1504 463 1549 discours
493 1503 631 1556 prives
650 1516 706 1543 ou
728 1503 902 1556 publics,
938 1503 988 1543 ils
1019 1515 1071 1544 ne
1105 1508 1297 1556 3636661
1328 1504 1419 1543 rien
1449 1516 1503 1543 ou
1524 1514 1704 1556 presque

58 1595 62 1600 ν
130 1568 235 1608 men.
270 1569 374 1609 Dieu
406 1572 507 1621 peut
536 1569 627 1609 dire
658 1569 709 1609 de
741 1581 818 1608 nos
850 1569 954 1609 fetes
973 1581 1019 1609 66
1039 1569 1143 1622 qu'il
1162 1569 1287 1608 disait
1306 1569 1535 1609 autrefois:
1563 1583 1582 1607 α
1603 1569 1702 1609 Mon

129 1633 223 1681 eme
241 1633 331 1673 11611
350 1646 422 1674 vos
434 1623 678 1675 solennites.
698 1648 722 1671 »
746 1634 855 1675 C’est
875 1646 1036 1675 comme
1058 1635 1122 1674 s'il
1144 1634 1268 1674 disait
1303 1646 1311 1673 :
1346 1636 1400 1674 Ge
1421 1638 1515 1674 sont
1536 1646 1608 1673 vos
1628 1646 1697 1674 so-

128 1698 322 1747 16661165,
345 1702 387 1739 61
406 1711 491 1739 606
511 1711 584 1752 pes
604 1698 663 1739 les
682 1699 885 1740 61166665.
908 1701 1021 1741 Vous
1042 1712 1145 1739 vous
1165 1712 1191 1751 y
1211 1700 1401 1739 adonnez
1433 1702 1457 1738 6
1489 1699 1528 1738 la
1559 1699 1703 1745 bonne

128 1763 252 1804 chere
271 1768 312 1805 et
329 1776 385 1804 au
405 1764 565 1817 plaisir.
585 1765 690 1806 Mais
709 1765 809 1814 moi,
832 1778 935 1805 vous
954 1777 1022 1805 me
1056 1764 1268 1817 negligez.
1292 1765 1404 1805 vous
1437 1765 1495 1804 les
1524 1765 1699 1810 souillet

125 1839 203 1881 par
222 1841 293 1872 vos
311 1829 475 1879 crimes,
492 1829 601 1871 vona
619 1830 827 1883 pourquoi
842 1830 887 1882 je
908 1831 965 1872 les
985 1830 1076 1872 hais
1096 1834 1137 1870 et
1159 1830 1217 1870 les
1238 1830 1387 1881 rejette
1408 1829 1493 1869 loin
1517 1830 1567 1870 de
1589 1831 1696 1880 moi,

927 1984 1030 2021 hisce
1050 1985 1213 2027 saeculis,
1234 1995 1408 2030 quaenam
1431 1991 1486 2021 651
1505 1986 1579 2021 alia
1601 1985 1695 2022 mul-

926 2036 1049 2068 torum
1099 2032 1331 2068 consuetudo
1383 2033 1422 2068 in
1472 2033 1533 2069 die
1581 2033 1691 2076 sesto,

125 1981 271 2023 61011161·
290 1987 380 2019 111116
411 1983 484 2019 Deo
504 1988 608 2020 vacet
624 1984 750 2020 omnis
763 1984 887 2020 Chris-

124 2030 264 2076 tianus,
286 2035 322 2067 et
341 2030 406 2076 qui
425 2035 567 2077 septem
597 2031 678 2067 dies
706 2032 783 2068 suis
803 2042 886 2068 ma·-

123 2078 228 2115 1ima
246 2088 291 2115 ex
311 2082 414 2124 parte
434 2078 536 2115 dedit
556 2078 730 2125 negotiis,
752 2079 886 2116 saltem

123 2135 244 2162 unum
282 2125 410 2162 divino
442 2126 713 2172 specialissime
739 2127 887 2164 dedicet

123 2172 330 2219 obsequio?
351 2174 394 2209 Et
411 2183 586 2220 quaenam
606 2174 667 2220 pia
687 2179 887 2211 cousuetu-

123 2220 172 2258 (10
192 2225 282 2257 tuuc
321 2220 395 2257 nisi
430 2231 538 2258 orare
577 2222 781 2259 Dominum
820 2233 886 2268 pro

123 2269 289 2316 peccatis
308 2272 382 2304 tota
403 2268 638 2305 hebdomada
657 2270 884 2314 commissis,

124 2324 254 2353 corum
293 2316 559 2353 contritionem
611 2317 813 2362 eliciendo,
851 2323 886 2354 et

123 2361 320 2403 obsecrare
341 2368 381 2400 ut
399 2364 651 2410 subsequente
678 2365 886 2402 hebdoma-

125 2410 173 2447 da
210 2421 481 2458 praeservemur
519 2423 541 2448 a
572 2412 738 2450 suturis?
758 2413 886 2459 Neque

124 2458 248 2495 solum
268 2458 350 2495 haec
370 2459 440 2497 fuit
474 2459 683 2505 primorum
704 2460 884 2497 Christia-

122 2513 260 2543 norum
289 2507 540 2550 consuetudo,
560 2508 772 2554 quinimmo
801 2519 885 2545 om-

122 2552 236 2591 nibus
267 2553 400 2591 diebus
433 2555 642 2592 Dominicis
678 2556 885 2603 antiquitus

121 2610 228 2639 sacra
265 2602 542 2639 communione
580 2613 619 2638 se
666 2603 885 2641 reficiebant

161 2647 174 2684 i
208 2648 366 2692 Fideles,
389 2649 460 2688 hoc
491 2654 571 2686 erat
601 2651 806 2687 ascendere
844 2652 884 2688 in

141 2696 327 2733 erusalem
353 2699 451 2742 (quae
482 2697 669 2744 signifieat
701 2699 884 2736 visionem

103 2744 253 2797 ι1166115),
267 2754 398 2799 pacem
419 2745 564 2782 scilicet
582 2746 797 2783 interiorem
819 2757 884 2794 per

115 2790 370 2830 muressionis
387 2797 424 2829 et
434 2794 723 2831 communionis
749 2795 883 2831 Sacra-

926 2090 1038 2125 quatn
1059 2080 1135 2116 otio
1155 2084 1189 2115 et
1209 2080 1320 2125 genio
1343 2080 1539 2126 indulgere
1556 2097 1565 2123 ς
1581 2080 1689 2123 aleis,

925 2127 1079 2170 chartis,
1105 2127 1266 2173 aliisquo
1299 2127 1397 2163 ludis
1427 2128 1595 2174 indignis
1627 2138 1693 2164 va—

925 2185 1035 2218 care;
1066 2175 1460 2219 commessationibus,
1499 2176 1694 2212 ebrietati·

927 2221 995 2259 bus
1046 2227 1082 2259 et
1120 2223 1249 2258 asotiae
1288 2227 1406 2259 totum
1457 2234 1554 2271 pone
1590 2224 1694 2259 diem

925 2270 1040 2314 dare3
1080 2270 1218 2307 exinde
1255 2271 1356 2306 rixas
1392 2271 1596 2314 concitare.
1635 2270 1691 2307 vel

926 2317 1089 2364 tripudia
1118 2323 1153 2354 ct
1183 2318 1341 2354 choreas
1373 2320 1522 2362 sectari,
1542 2319 1692 2365 aliaque

924 2365 1044 2402 multa
1064 2365 1287 2402 Christianis
1309 2366 1464 2410 indigna
1487 2367 1692 2412 peragere?

926 2413 970 2448 Et
988 2413 1082 2450 adeo
1099 2424 1211 2460 grave
1232 2418 1286 2449 est
1308 2413 1421 2459 hujus
1441 2412 1690 2450 eonsuetudi-

926 2461 983 2496 nis
1005 2472 1127 2544 gravas
1148 2462 1364 2507 imperium,
1388 2467 1424 2497 ut
1453 2460 1691 2507 quantumu-

926 2508 983 2544 bet
1035 2509 1045 2544 i
1066 2508 1130 2555 qui
1145 2510 1359 2545 animarum
1380 2519 1508 2544 curam
1535 2512 1689 2555 gerunt,

923 2566 1006 2592 eam
1043 2556 1257 2593 convellere
1307 2557 1481 2592 studeant
1529 2565 1619 2593 voce
1650 2561 1690 2593 et

924 2603 1094 2647 monitis,
1115 2608 1194 2640 tum
1218 2605 1383 2649 privatis,
1406 2608 1485 2640 tum
1509 2603 1689 2651 publicis,

923 2662 1055 2698 parum
1078 2651 1134 2687 vel
1169 2652 1263 2687 nihil
1300 2651 1510 2697 proliciunt.
1533 2651 1577 2687 Et
1603 2651 1689 2689 ideo

923 2700 968 2735 de
989 2700 1127 2736 nostris
1146 2699 1251 2735 sestis
1283 2699 1382 2735 idern
1413 2699 1539 2736 dicere
1566 2703 1690 2745 potest

926 2747 1022 2783 Deus
1041 2747 1141 2793 quod
1162 2747 1252 2782 olim
1277 2757 1283 2781 :
1311 2760 1325 2778 ι
1349 2746 1474 2783 Odivit
1499 2747 1686 2783 solemni-

923 2799 1016 2831 tates
1054 2799 1195 2830 vestras
1231 2793 1359 2830 anima
1397 2804 1494 2831 mea.
1520 2810 1533 2825 ι
1573 2795 1691 2838 Quasi

119 2843 289 2876 mentum
330 2843 406 2876 toto
444 2839 579 2877 affectu
622 2851 808 2888 quaerere,
847 2847 885 2878 61
921 2842 1051 2879 dicat:
1082 2842 1219 2878 Vestrae
1257 2846 1341 2877 sunt
1382 2852 1460 2878 non
1497 2852 1605 2885 meae,
1645 2841 1687 2878 iu

122 2882 313 2926 dulcedini
341 2886 446 2924 vorbi
475 2888 622 2925 1111111116
654 2899 742 2926 cum
767 2900 882 2927 cons-
922 2890 999 2926 illis
1019 2889 1158 2926 vacatis
1192 2889 1311 2925 ventri
1343 2893 1379 2925 et
1407 2889 1603 2936 voluptati,
1627 2899 1688 2926 me

121 2929 270 2972 emim
287 2934 448 2982 puritate
467 2939 506 2973 61
532 2937 653 2976 animi
680 2937 818 2984 quiete.
839 2938 885 2974 At
920 2942 1047 2974 autem
1066 2936 1272 2984 negligitis,
1290 2935 1369 2974 imo
1403 2937 1568 2984 peccatis
1598 2947 1690 2975 ves-
