1858 3146
122 252 273 296 misere
290 255 333 293 et
350 251 409 292 du
428 250 638 300 maihew,
658 246 767 288 celui
785 245 858 298 qui
878 255 904 283 8
923 242 1046 282 181558
1066 251 1209 292 passer
1227 239 1339 287 rete,
1362 239 1401 278 le
1431 241 1564 291 temps
1582 238 1635 279 de
1653 237 1697 278 18

121 319 304 360 meissen
324 319 367 358 81
385 316 437 358 (18
456 317 499 356 la
515 313 737 365 vendange
756 321 852 350 sans
871 308 990 348 avoir
1008 306 1051 346 18
1070 305 1185 345 force
1216 303 1269 344 de
1300 315 1343 343 se
1375 303 1503 343 livrer
1534 316 1588 343 au
1613 306 1709 343 tra-⁷

123 384 225 425 mil.

176 449 297 498 Μ815,
319 447 350 488 11
369 458 422 487 88
440 445 556 486 suffit
574 455 648 497 pas
667 442 718 482 de
738 438 977 486 travailler;
999 436 1031 476 il
1050 436 1143 475 faut
1164 445 1314 474 encore
1333 434 1577 486 perseverer
1591 433 1697 472 (1885

123 514 164 555 18
181 512 347 562 travail,
369 523 439 552 car
457 511 497 550 le
514 511 613 562 pere
634 508 684 548 de
703 505 864 546 familie
884 515 936 543 ne
957 505 1276 553 recompensera
1297 510 1379 551 que
1398 509 1505 537 ceux
1524 497 1597 548 qui
1619 509 1696 536 an-

123 581 224 620 ront
252 578 407 618 88118118
437 573 762 627 completement
804 569 897 609 leur
934 567 1127 619 journee.
1162 564 1292 612 Qu’ils
1332 566 1429 602 sont
1460 561 1699 602 nombreux

125 655 232 685 eeux
245 642 318 696 qui
336 645 409 681 081
428 641 532 680 (1885
550 639 592 679 18
611 638 705 678 voie
724 636 781 675 du
799 634 898 674 bien
919 633 970 673 de
991 630 1276 683 magnifiques
1304 628 1465 675 (1811815,
1492 630 1534 667 et
1553 626 1700 666 s'arre-

124 710 215 750 tent
230 707 394 748 11188ῑό1
412 705 558 757 apres!
579 703 686 744 Bien
706 701 815 754 plus,
838 703 1011 739 souvent
1047 697 1158 736 leurs
1190 706 1353 734 oeuvres
1382 691 1634 746 spirituelles
1654 703 1698 732 58

125 772 354 814 terminent
372 783 449 824 par
467 770 540 810 des
560 779 723 808 oeuvres
743 763 999 806 clmrnellesl
1024 760 1262 803 Semblable
1282 762 1307 799 8
1326 759 1366 799 18
1386 761 1523 798 statue
1543 758 1595 797 de
1615 759 1698 797 Da-

126 837 227 889 niel,
247 835 326 876 l'or
344 835 466 875 brille
485 846 540 874 au
560 833 688 872 debut
707 832 759 871 de
779 831 872 871 leur
888 829 971 878 vie,
994 828 1098 868 18815
1129 827 1170 866 18
1200 826 1310 866 boue
1329 837 1382 864 88
1403 824 1637 864 (1851108018
1657 823 1701 862 18

123 902 199 944 fin.
219 903 279 942 La
298 900 463 953 fatigue
482 902 546 939 est
564 898 673 938 done
697 898 835 944 vaine,
871 895 905 935 si
935 895 977 934 18
1008 894 1307 946 perseverance
1338 902 1392 930 ne
1421 889 1595 930 conduit
1626 899 1701 940 pas

120 965 292 1020 jusqu’e
309 964 727 1016 l’accomplissement
746 962 797 1002 de
818 960 1009 1001 l'oeuvre.
1031 959 1149 998 Saint
1169 956 1370 1008 Gregoire
1391 968 1442 995 va
1461 955 1555 1008 plus
1574 953 1663 993 loin
1684 965 1695 993 ε

128 1046 151 1070 α
172 1031 218 1072 Si
236 1031 277 1071 18
294 1031 411 1071 main
432 1031 483 1070 (18
501 1029 714 1075 l’ouvrier,
737 1027 860 1077 dit-il,
882 1038 935 1066 ne
955 1025 1106 1064 s'eleve
1125 1036 1199 1076 pas
1215 1021 1415 1075 jusqu‘au
1428 1021 1530 1061 faite
1551 1019 1602 1060 de
1622 1019 1698 1059 l'e-

126 1096 247 1137 difice
263 1095 457 1148 spirituel
476 1097 854 1146 courageusemeut
872 1090 1129 1138 8081818888,
1151 1087 1464 1138 l’interruption
1478 1086 1534 1125 du
1548 1083 1700 1125 travail

126 1172 301 1202 eausera
318 1161 359 1200 18
378 1160 499 1200 ruine
530 1160 668 1199 meme
688 1158 739 1198 (18
758 1169 805 1197 88
829 1155 932 1209 qu’il
963 1154 1077 1194 avait
1109 1153 1187 1192 fait
1218 1155 1502 1204 anparavant;
1538 1162 1609 1190 881·
1639 1149 1700 1189 185

128 1225 316 1267 ouvriers
337 1226 408 1278 qui
428 1225 599 1265 laissent
630 1224 723 1264 leur
754 1233 896 1262 oeuvre
929 1220 1168 1267 18881181188,
1190 1218 1424 1257 (1811815881
1453 1228 1561 1269 pour
1592 1213 1702 1254 ainsi

128 1290 219 1332 dire
237 1290 280 1330 la
298 1293 452 1343 pensee
473 1290 609 1330 meme
630 1288 681 1328 (18
701 1288 793 1327 1881·
817 1286 1064 1338 entreprise.
1087 1299 1106 1322 11
1129 1283 1433 1323 Ecrions-nous
1464 1282 1571 1321 donc
1602 1290 1704 1319 avec

128 1356 236 1397 58181
253 1355 442 1396 Bernard
465 1368 474 1394 :
499 1370 518 1391 <x
541 1355 627 1394 Mes
647 1354 792 1403 freres,
814 1351 901 1391 lein
921 1351 972 1390 (18
991 1362 1097 1389 nous
1117 1348 1318 1388 l’ennemi
1338 1346 1412 1399 qui
1432 1359 1537 1386 nous
1557 1346 1702 1398 empe-

129 1420 291 1461 cherait
309 1419 652 1472 d'entreprendre
671 1430 730 1457 un
753 1416 890 1469 grand
909 1415 1091 1462 dessein,
1113 1418 1154 1453 81
1175 1414 1211 1452 18
1230 1412 1390 1464 degent
1410 1412 1483 1464 qui
1502 1423 1607 1450 nous
1626 1410 1707 1449 581-

129 1485 248 1526 sirait
266 1497 320 1525 88
338 1485 485 1524 1811188
505 1484 556 1523 (18
575 1487 696 1523 notre
716 1493 879 1529 oeuvre;
909 1479 1088 1519 58811085
1108 1490 1188 1530 que
1208 1477 1248 1516 18
1273 1478 1571 1530 perseverance
1595 1486 1704 1527 aug-

129 1553 270 1591 1118818
285 1562 361 1589 805
374 1549 557 1598 18811185,
574 1558 783 1588 80810888
798 1558 874 1585 805
887 1546 1047 1584 1108885
1063 1542 1327 1589 18501811085,
1345 1545 1613 1594 recompense
1627 1552 1705 1580 805

130 1617 309 1656 travaux
322 1619 364 1655 et
375 1614 512 1666 dirige
526 1613 638 1654 enfin
654 1614 774 1652 notre
786 1609 1143 1662 coursejusqu'au
1157 1608 1232 1647 but
1246 1608 1279 1646 si
1292 1607 1444 1646 desire.
1460 1606 1544 1646 Ah!
1562 1605 1603 1645 18
1617 1617 1706 1658 per-

131 1682 368 1728 severance‚
385 1679 483 1719 c'est
502 1679 543 1718 18
561 1678 719 1730 longue
734 1677 911 1728 tunique
927 1675 999 1728 qui
1014 1675 1220 1726 protegea
1234 1672 1390 1724 Joseph
1405 1671 1562 1711 (188518
1576 1670 1703 1722 pei-ih

131 1745 231 1786 e’est
243 1745 284 1785 la
297 1745 398 1785 robe
411 1743 670 1784 sacerdotale
686 1743 757 1795 qui
772 1741 952 1782 descend
968 1739 1199 1792 jusqu’aux
1213 1738 1351 1790 pieds;
1366 1737 1466 1776 e’est
1487 1736 1708 1776 l'immola·

130 1810 222 1851 tion
239 1810 364 1850 finale
383 1810 434 1850 de
454 1809 496 1848 18
514 1809 682 1848 victime
697 1820 778 1860 que
797 1819 901 1846 nous
916 1806 1074 1845 devons
1089 1804 1208 1843 offrir
1221 1816 1274 1843 88
1290 1803 1524 1854 Seigneur;
1546 1801 1646 1841 c'est
1664 1800 1708 1841 18

132 1875 356 1916 chaussure
376 1875 448 1915 (185
466 1874 621 1914 bonnes
634 1886 799 1913 oeuvres
819 1872 892 1924 qui
912 1871 1000 1910 (1011
1021 1883 1126 1909 8085
1144 1870 1363 1922 preserver
1383 1869 1434 1907 de
1454 1868 1495 1907 18
1515 1877 1707 1907 moi-sure

133 1940 190 1980 du
209 1943 393 1992 serpent..
416 1941 478 1980 En
499 1951 557 1979 un
576 1943 682 1987 mot,
703 1938 802 1978 c’est.
821 1938 862 1977 la
879 1942 1000 1977 vertu
1028 1935 1100 1988 qui
1131 1935 1337 1974 888118188
1370 1933 1491 1982 Β188,
1514 1933 1587 1985 qui
1621 1932 1709 1983 glo·

542 169 764 201 mmmmm
793 167 845 197 88
873 165 922 194 LA
951 154 1273 193 58111888851118.

134 2175 284 2219 tempus
303 2171 523 2208 nubilosum
543 2182 624 2208 8558
656 2170 739 2207 sine
766 2170 895 2216 inopia

131 2223 168 2256 81
186 2220 414 2256 calamitate.
439 2219 567 2266 Neque
599 2218 720 2255 solum
747 2218 893 2264 operari

130 2271 289 2314 oportet,
312 2268 376 2303 sed
397 2268 486 2304 etin
507 2277 618 2314 opere
644 2276 892 2312 perseverare,

131 2314 223 2351 solis
264 2315 368 2352 enim
414 2315 491 2350 11115
528 2315 592 2360 qui
623 2315 671 2350 ad
700 2324 892 2360 vesperam

130 2371 250 2410 usque
279 2363 320 2399 in
353 2362 480 2399 labore
512 2366 809 2409 perseverarunt,
829 2362 893 2407 ju-

129 2408 193 2447 bet
212 2410 483 2447 Paterfamilias
527 2410 739 2446 mercedem
773 2410 891 2446 reddi.

130 2457 251 2504 Eheu,
284 2468 398 2505 quam
420 2458 531 2494 multi
563 2458 662 2494 bonu
695 2457 891 2501 inchoant,

130 2514 204 2542 nee
233 2507 525 2542 consummant!
550 2506 671 2542 Immo
701 2515 789 2542 cum
814 2506 893 2552 spi-

132 2551 206 2608 ritu
224 2554 544 2600 eaeperint‚carne
563 2558 892 2598 consummantur,

132 2603 305 2637 81185181·
334 2606 466 2638 statuae
498 2601 679 2646 Danielis,
702 2611 789 2638 cum
823 2611 893 2636 au-

134 2656 239 2684 reum
276 2648 325 2684 sit
361 2649 529 2692 initium,
550 2648 638 2685 11815
676 2649 815 2685 desinit
852 2649 893 2684 in

132 2692 269 2732 lutum.
292 2696 442 2733 Frustra
463 2697 577 2742 igitur
607 2700 663 2733 est
698 2696 803 2732 labor
831 2696 894 2732 in-

134 2740 304 2788 81108185,
330 2744 362 2780 51
392 2755 473 2781 808
501 2745 549 2780 sit
586 2746 829 2791 perseverans
859 2749 896 2779 et

134 2795 429 2828 consummatus.
452 2793 590 2836 Immo,
611 2796 651 2828 ut
670 2792 761 2828 dicit
781 2802 895 2828 sanc-

135 2838 196 2872 tus
210 2836 454 2890 ‚Gregoriusz
481 2853 496 2873 ι
519 2840 558 2876 Si
589 2839 768 2876 inchoata
797 2838 896 2875 bona

132 2881 240 2920 forus
258 2887 447 2932 operantis
466 2897 603 2924 manus
621 2887 669 2923 ad
692 2886 896 2934 perfectio-

132 2939 228 2985 nem
260 2941 341 2985 808
374 2933 557 2981 sublevat,
594 2934 678 2981 ipsa
713 2934 895 2982 operandi

132 2987 308 3018 18885510
341 2984 471 3019 eontra
500 2982 540 3019 id
569 2983 671 3030 quod
701 2986 897 3029 operatum

933 2174 1000 2213 est,
1023 2174 1179 2215 pugnat,
1202 2177 1292 2202 nam
1314 2165 1379 2211 qui
1399 2164 1589 2211 proposita
1625 2173 1704 2200 non

933 2216 1148 2264 perficiunt,
1171 2215 1285 2250 etiarn
1306 2224 1389 2260 quae
1411 2215 1559 2249 ruerant
1592 2215 1702 2256 capta

933 2265 1166 2301 convellunt.
1193 2278 1206 2294 11
1245 2263 1422 2298 Dicamus
1461 2260 1575 2305 igitur
1611 2268 1702 2295 eum

933 2318 1063 2348 588810
1098 2311 1285 2347 Bel-nardo
1315 2321 1322 2345 :
1350 2324 1362 2340 α
1387 2309 1417 2344 Ο
1450 2308 1597 2350 {rau-es,
1620 2316 1702 2343 non

934 2361 1062 2396 taedeat
1086 2359 1253 2405 incipere
1275 2367 1426 2402 magna,
1443 2365 1513 2391 nee
1535 2353 1699 2391 fastidiat

933 2413 1059 2444 tenere
1079 2407 1269 2448 inchoata,
1290 2405 1452 2441 scientes
1478 2402 1576 2449 quod
1605 2410 1695 2448 per-

933 2455 1141 2492 severantia
1171 2454 1349 2490 informat
1372 2452 1517 2495 merita,
1541 2445 1711 2486 8010888

934 2504 1076 2540 bonum
1097 2502 1346 2549 propositum,
1362 2502 1576 2535 remunerat
1598 2495 1701 2535 labo·

934 2556 1094 2594 mntem,
1110 2550 1216 2586 ducit
1234 2549 1282 2585 ad
1302 2547 1473 2584 bravium
1484 2549 1696 2582 eui-entem.

936 2601 1021 2635 tlaee
1055 2603 1110 2635 est
1150 2597 1278 2633 tunica
1316 2594 1444 2631 talaris
1480 2593 1619 2639 loseph
1651 2592 1700 2629 ad

934 2648 1050 2683 tinem
1114 2645 1345 2692 pertingens.
1413 2643 1500 2678 llaee
1569 2640 1701 2678 tunica

934 2693 1176 2731 sacerdotalis
1214 2692 1260 2727 ad
1299 2690 1413 2737 pedes
1459 2688 1699 2736 perveniens.

936 2744 1021 2778 tlaee
1042 2746 1097 2778 est
1134 2740 1253 2776 cauda
1286 2738 1419 2774 hostiae
1450 2747 1563 2782 quam
1593 2741 1702 2772 tene-

935 2801 1019 2826 mur
1038 2788 1186 2825 offerre.
1213 2788 1299 2822 tlaec
1319 2790 1375 2822 est
1394 2785 1597 2822 calcaneus
1630 2782 1702 2820 bo-

936 2849 995 2874 nae
1032 2834 1275 2882 operationis,
1313 2843 1427 2880 quem
1459 2836 1592 2869 contra
1624 2840 1707 2868 scr-

936 2885 1060 2931 pentis
1099 2891 1268 2919 morsum
1307 2880 1491 2917 debemus
1541 2888 1704 2916 servare.

938 2934 1023 2968 11888
1042 2935 1099 2967 851
1118 2931 1235 2966 virtus
1255 2939 1341 2976 quae
1362 2929 1481 2965 Deum
1507 2927 1613 2974 ligat,
1633 2936 1708 2972 qua

936 2980 1153 3017 laureantur
1172 2977 1370 3024 Martyres,
1391 2975 1565 3023 virgines
1593 2983 1708 3012 coro-
