1858 3146
517 116 743 160 cmoun'ffle
771 127 984 160 nnuman
1011 126 1140 164 Arnas
1167 126 1437 184 seminum.
1681 142 1760 183 203

183 188 303 233 l'etat
321 195 376 235 οὺ
391 195 467 248 j'ai
486 201 553 241 ete
573 204 710 256 etque
733 204 970 260 j’envisage
999 211 1108 252 celui
1127 216 1183 254 ou
1197 215 1242 267 J’e
1280 229 1347 259 me
1384 223 1472 263 vois
1509 227 1535 265 a
1570 229 1756 280 present,

179 255 269 308 j'en
288 260 373 300 suis
392 262 645 314 epouvante.
668 267 772 322 (lob.
794 282 880 320 XXI,
903 275 929 313 4
949 278 992 314 et
1010 276 1068 328 6).
1093 293 1111 313 ι)

235 323 430 367 Habacuc
447 327 508 368 lui
527 332 654 382 aussi,
687 334 771 375 afln
802 335 854 376 de
885 349 930 378 se
966 340 1165 384 defendre
1202 345 1327 388 d’une
1350 355 1587 396 accusation
1625 359 1676 400 de
1704 371 1753 402 ee

181 397 313 438 genre
333 391 395 430 dit
415 394 438 432 ὰ
457 394 559 435 Dieu
585 407 594 435 :
620 411 639 435 «
661 399 744 439 Vos
761 412 874 452 yeux
902 407 998 444 sont
1027 418 1128 458 purs
1164 422 1271 461 pour
1307 426 1360 454 ne
1397 428 1472 468 pas
1504 422 1674 464 souffrir
1711 426 1753 467 le

160 916 263 946 ceux
283 909 356 961 qui
374 915 447 951 ont
465 912 504 954 le
524 927 640 956 coeur
659 918 781 968 droit,
802 921 887 976 (Ps.
910 936 1037 975 Lxxu,
1061 929 1117 982 1.)
1140 947 1159 966 υ
1184 936 1226 972 et
1245 946 1407 977 comme
1429 938 1595 982 bientot
1615 946 1738 996 apres

157 969 190 1010 il
209 974 360 1014 sentait
380 977 518 1019 naitre
538 992 590 1021 en
612 994 688 1023 son
708 997 823 1026 coeur
842 1001 925 1029 une
947 994 1154 1035 tentation
1177 999 1250 1049 qui
1289 1000 1349 1040 lui
1388 1005 1519 1044 tenait
1557 1019 1603 1048 ce
1642 1010 1736 1051 lan·

157 1046 269 1088 gage
291 1051 301 1078 :
321 1040 364 1080 Si
382 1040 443 1081 les
462 1046 683 1088 mechants
696 1050 904 1101 jouissent
924 1056 975 1096 de
999 1060 1117 1099 toute
1149 1067 1260 1104 sorte
1280 1065 1331 1106 de
1362 1072 1619 1122 prosperites
1638 1079 1680 1116 et
1698 1077 1736 1117 si

154 1098 215 1140 les
233 1101 339 1143 bons
359 1111 454 1147 sont
474 1111 660 1152 accables
679 1115 730 1154 de
758 1129 902 1168 maux,
930 1137 950 1157 «
971 1122 1070 1163 c'est
1088 1126 1194 1166 donc
1232 1130 1502 1175 inutilement
1540 1150 1621 1190 que
1653 1140 1733 1192 J'ai

152 1167 344 1208 travaille
365 1172 390 1210 a
410 1174 583 1224 purifier
602 1190 702 1219 mon
723 1193 838 1222 coeur
858 1187 899 1224 et
919 1199 1000 1239 que
1016 1189 1091 1240 J'ai
1121 1191 1212 1232 lave
1251 1207 1340 1236 mes
1372 1201 1508 1240 mains
1547 1203 1652 1244 dans
1688 1207 1731 1248 la

152 1235 402 1285 compagnie
421 1238 493 1278 des
513 1240 746 1293 innocents,
770 1261 789 1285 υ
814 1248 843 1287 it
865 1252 1048 1302 reprime
1068 1257 1092 1294 a
1112 1256 1305 1300 l'instant
1333 1268 1440 1304 cette
1460 1270 1729 1321 suggestion,

150 1306 203 1335 en
223 1297 415 1349 ajoutant
432 1315 468 1342 z«
487 1305 574 1352 Que
595 1308 627 1347 si
643 1309 687 1360 Je
707 1311 833 1352 disais
851 1326 901 1354 en
918 1319 1161 1361 moi-meme
1180 1336 1188 1361 :
1210 1324 1258 1364 Je
1273 1328 1454 1378 parlerai
1470 1331 1520 1371 de
1536 1332 1576 1373 la
1595 1339 1721 1388 sorte,

146 1359 223 1411 j'ai
243 1374 426 1406 reconnu
447 1380 500 1409 ne
519 1374 697 1422 pouvoir
716 1376 755 1415 le
773 1377 877 1419 faire
897 1393 993 1421 sans
1014 1386 1271 1429 condemner
1292 1394 1408 1433 toute
1427 1394 1468 1434 la
1488 1398 1642 1440 societe
1671 1401 1726 1442 de

145 1436 217 1464 vos
237 1428 419 1480 enfants‚
441 1447 461 1468 »
485 1436 558 1486 qui
597 1442 910 1484 reconnaissent
946 1450 1064 1488 votre
1103 1453 1367 1504 providence‚
1398 1463 1517 1500 votre
1550 1462 1718 1516 justice,

142 1490 308 1543 malgre
330 1495 451 1546 qu’ils
471 1500 606 1540 soient
625 1503 791 1556 affliges
812 1507 862 1547 de
883 1522 1012 1553 maux
1033 1514 1184 1565 divers,
1209 1521 1347 1560 landis
1368 1536 1448 1575 que
1481 1526 1540 1566 les
1572 1528 1722 1582 impies

140 1560 308 1606 passent
327 1559 418 1600 leur
438 1562 505 1603 vie
525 1564 629 1605 dans
649 1567 709 1608 les
731 1571 907 1621 plaisirs.
931 1575 964 1615 11
986 1580 1166 1621 termine
1189 1595 1266 1634 par
1286 1598 1352 1626 ces
1368 1590 1533 1640 paroles
1556 1606 1566 1632 ε
1592 1610 1610 1630 α
1633 1595 1716 1637 J'ai

138 1623 271 1673 song-e
289 1624 314 1663 a
333 1627 497 1667 vouloir
533 1633 732 1682 penetrer
763 1649 809 1676 ce
847 1645 993 1692 secret,
1017 1646 1122 1685 mais
1161 1661 1217 1687 un
1259 1654 1393 1702 grand
1434 1659 1585 1698 travail
1622 1661 1718 1702 s’est

136 1687 328 1737 presente
349 1691 504 1734 devant
523 1697 625 1746 moi,
643 1698 815 1754 jusqu’a
841 1716 886 1744 ee
908 1718 988 1758 que
1005 1709 1159 1760 j'entre
1190 1714 1295 1755 dans
1327 1717 1366 1757 le
1395 1724 1631 1765 sanctuaire
1663 1727 1715 1769 de

135 1749 255 1802 Dieu,
279 1757 319 1794 et
341 1768 422 1808 que
438 1758 482 1810 je
502 1773 755 1815 comprenne
774 1769 914 1819 quelle
935 1772 1022 1813 doit
1042 1776 1131 1816 etre
1151 1777 1244 1818 leur
1264 1781 1338 1822 fin.
1364 1798 1382 1821 n

187 1817 262 1857 Ces
281 1822 445 1871 paroles
465 1837 518 1865 ne
537 1835 721 1878 peuvent
740 1834 859 1873 avoir
885 1836 1047 1879 d'autre
1079 1841 1363 1893 signification
1398 1863 1479 1903 que
1511 1855 1675 1896 celle-ci
1698 1869 1709 1898 t

132 1880 181 1921 Je
200 1883 284 1923 suis
304 1885 409 1927 dans
427 1887 739 1944 l’impuissance
759 1897 810 1937 de
831 1906 1110 1953 comprendre
1130 1909 1440 1956 suffisamment
1466 1917 1526 1958 les
1546 1921 1709 1963 raisons

131 1945 206 1997 qui
233 1947 420 2002 dirigent
450 1954 491 1994 la
521 1956 663 1999 divine
704 1962 975 2017 Provide-nce,
998 1971 1023 2008 a
1060 1972 1193 2012 moins
1233 1988 1315 2028 que
1348 1979 1392 2030 Jc
1430 1982 1594 2025 n’entre
1629 1999 1707 2039 par

127 2008 324 2054 l’oraison
344 2015 449 2057 dans
468 2019 526 2060 les
543 2024 825 2074 profondeurs
846 2032 1017 2073 cachees
1044 2035 1116 2076 des
1156 2045 1308 2081 secrets
1346 2044 1398 2084 de
1435 2047 1554 2090 Dieu.
1596 2052 1704 2094 Dans

129 2105 1702 2158 N

123 2160 274 2204 quando
294 2165 511 2203 recordatus
542 2169 662 2216 suero,
683 2176 885 2220 pertimes-
928 2181 1118 2229 improbi;
1141 2189 1246 2225 omni
1274 2189 1481 2231 afflictione
1513 2207 1700 2250 premun-

123 2213 181 2242 co.
207 2221 221 2238 n
245 2208 306 2245 Sic
326 2215 362 2247 et
384 2212 557 2253 Habacuc
576 2223 758 2271 praevenit
779 2235 885 2262 eam·
926 2233 985 2265 tur
1007 2232 1112 2276 probi
1138 2244 1145 2270 :
1170 2236 1266 2282 Ergo
1286 2240 1369 2276 sine
1390 2246 1697 2290 causaJustifica-

122 2251 224 2299 dem,
247 2266 330 2303 quae
350 2259 396 2296 de
415 2272 454 2297 se
475 2267 626 2312 concipi
646 2274 787 2314 poterat
807 2275 885 2320 opi·
924 2277 958 2312 vi
980 2288 1045 2314 cor
1066 2290 1208 2327 mcum,
1230 2290 1266 2321 et
1287 2286 1358 2323 lavi
1381 2288 1480 2326 inter
1500 2292 1695 2334 innocen-

120 2299 291 2349 nionem,
314 2305 445 2344 dicens
467 2320 500 2346 :oe
524 2312 654 2352 Mundi
677 2322 881 2358 suntoculi
924 2327 978 2360 tes
1013 2337 1149 2365 manus
1176 2341 1304 2377 meas;
1331 2351 1344 2366 n
1375 2347 1461 2373 mox
1496 2340 1691 2382 sinistram

116 2348 172 2384 tui
192 2359 240 2386 ne
292 2352 417 2391 videas
451 2359 607 2407 malum,
630 2367 666 2399 et
698 2368 882 2413 respicere
922 2372 1026 2409 illam
1066 2378 1219 2424 corrigit
1258 2383 1525 2428 cogitationem
1555 2398 1564 2425 :
1607 2405 1620 2422 ι
1650 2391 1690 2429 si

114 2395 162 2431 ad
182 2396 421 2446 iniquitatem
443 2415 521 2443 non
552 2411 704 2455 poteris.
729 2428 743 2447 υ
769 2415 877 2454 Tunc
920 2420 1107 2468 dicebam,
1125 2427 1285 2464 narrabo
1302 2431 1370 2476 sic,
1387 2442 1473 2469 ecce
1494 2436 1691 2478 nationem

919 2467 1084 2507 tiliorum
1126 2477 1274 2512 tuorum
1315 2480 1522 2524 reprobavi.
1567 2498 1581 2517 ιο
1623 2487 1690 2534 qui

918 2519 1019 2553 tuam
1035 2527 1245 2564 agnoscunt
1267 2527 1542 2570 providentiam
1562 2533 1688 2580 etjus-

917 2563 1051 2609 titiam,
1083 2566 1167 2604 licet
1208 2570 1364 2608 diversis
1398 2573 1529 2615 afflicti
1558 2581 1682 2631 matis,

914 2610 1006 2648 dum
1028 2613 1065 2649 in
1089 2614 1198 2652 bonis
1219 2618 1326 2665 impii
1349 2621 1558 2662 luxuriant.
1581 2627 1686 2667 Tan-

913 2658 998 2695 dem
1018 2661 1121 2698 addit
1145 2674 1152 2699 :
1175 2677 1189 2695 ⁴¹
1214 2666 1485 2708 Existimabam
1518 2677 1558 2710 ut
1589 2685 1682 2724 eog-

912 2716 1109 2746 noscerem
1150 2711 1235 2755 hoc,
1267 2714 1372 2752 labor
1405 2723 1458 2755 est
1489 2726 1578 2759 ante
1595 2734 1673 2771 me,

910 2753 1031 2791 donec
1053 2757 1191 2795 intrem
1221 2761 1261 2796 in
1292 2762 1560 2806 sanctuarium
1594 2771 1673 2820 Dei,

908 2804 943 2836 et
965 2802 1178 2850 intelligam
1198 2807 1239 2844 in
1253 2811 1471 2851 novissimis
1490 2826 1635 2856 eorum.
1655 2834 1672 2856 ι

908 2848 1021 2891 Quasi
1053 2851 1185 2890 dicat:
1218 2855 1303 2894 Non
1336 2869 1492 2905 possum
1528 2868 1678 2915 assequi

906 2895 1139 2935 sufficienter
1161 2900 1228 2938 has
1248 2905 1413 2945 rationes
1432 2910 1570 2950 divinae
1586 2925 1674 2962 pro·

904 2942 1094 2992 videntiae,
1114 2948 1188 2986 nisi
1207 2950 1348 2991 intrem
1366 2955 1408 2993 in
1426 2957 1555 2998 abdita
1572 2971 1671 3002 oon-

113 2442 216 2480 addit
239 2456 246 2482 :
274 2462 287 2479 «
312 2450 434 2492 Quare
456 2457 554 2491 taces
574 2457 626 2494 im
656 2459 692 2496 io
717 2465 878 2500 concul-

114 2495 225 2528 cante
251 2493 451 2540 justiorem
486 2505 558 2539 se?
578 2519 592 2538 υ
665 2508 803 2556 enique
842 2517 878 2548 et

112 2535 228 2576 David
247 2547 449 2591 antequam
469 2559 577 2588 suam
598 2562 682 2599 quae
701 2558 876 2597 vacillare

109 2584 304 2626 videbatur
332 2594 554 2639 opinionem
585 2600 632 2637 de
668 2602 873 2650 impiorum

108 2637 355 2682 prosperitate
393 2650 592 2692 proponat,
628 2647 747 2688 firmae
786 2654 872 2692 {idei

109 2681 379 2724 professionem
436 2695 643 2741 praemittit,
694 2705 872 2739 contenta

107 2734 198 2764 voce
234 2733 452 2774 exclamans
481 2750 490 2777 :
535 2754 549 2774 α
590 2744 710 2788 Quam
749 2747 870 2787 bonus

109 2772 237 2823 Israel,
262 2779 374 2826 Deus,
391 2784 450 2822 his
469 2788 533 2834 qui
554 2796 655 2828 recto
675 2799 762 2831 sunt
783 2806 869 2834 cor-

106 2819 176 2859 det
201 2837 214 2856 n
236 2825 282 2863 Et
299 2834 540 2875 postmodum
560 2847 647 2876 cum
680 2846 867 2889 suggestio

106 2870 279 2928 quaedam
296 2885 520 2930 occurreret,
541 2884 702 2926 interius
722 2890 793 2928 sibi
813 2893 868 2929 di-

105 2923 222 2957 cens:
241 2919 280 2958 Si
297 2927 403 2964 omni
421 2933 669 2979 prosperitate
687 2936 866 2977 Fruuntur
