1858 3146
191 125 273 164 480

194 214 238 252 et
254 211 285 251 il
304 210 437 250 savait
456 210 655 250 d’avance
675 222 757 263 que
783 210 843 251 les
861 213 1007 263 Anges
1026 210 1087 250 lui
1107 211 1355 251 serviraient
1374 213 1400 252 ὲ,
1418 223 1614 265 manger.
1648 215 1767 255 Com-

194 279 312 316 ment
330 275 436 316 Dieu
455 275 612 328 peut-il
630 287 674 316 se
692 275 825 316 servir
844 276 895 316 de
915 278 1033 315 toute
1053 276 1199 327 espece
1219 275 1271 316 de
1289 276 1413 316 chose
1450 289 1558 329 pour
1588 281 1768 320 6611616-

193 341 260 381 nir
278 341 319 381 16
338 341 404 380 vie
421 340 473 380 de
493 339 707 388 l’homme,
730 352 785 380 on
806 341 845 380 16
864 341 953 380 voit
970 352 1048 392 par
1067 340 1288 393 l'exemple
1309 341 1360 381 de
1379 342 1511 382 Mo'ise
1542 345 1586 382 et
1615 343 1762 393 (1Ἐ116,

192 419 271 459 par
288 405 510 457 l’exemple
530 406 581 445 de
601 417 667 445 665
687 406 817 445 saints
837 418 1124 458 personnages
1145 406 1248 445 dont
1267 419 1373 446 nous
1387 419 1516 447 avons
1534 408 1651 459 pai-le
1671 409 1766 461 plus

193 471 297 511 haut
316 471 404 523 qui,
426 471 616 522 pendant
635 471 707 510 des
725 470 832 510 mois
851 474 894 511 et
913 471 984 510 des
1010 473 1165 512 666665
1202 471 1396 520 66116165,
1417 472 1561 513 furent
1598 473 1765 515 nourris

194 536 544 589 corporellement
563 540 605 575 et
623 536 976 588 spirituellement
994 548 1071 587 par
1090 535 1133 577 la
1150 536 1287 588 priere
1307 540 1350 576 61
1368 536 1409 576 16
1427 537 1559 577 sainte
1580 550 1765 579 commu-

194 602 312 642 nion.
334 603 394 642 On
415 605 516 653 peut
535 601 624 641 dire
653 601 763 641 aussi
785 614 866 653 que
902 600 1194 650 Jesus-christ,
1217 613 1324 653 pour
1355 602 1523 642 vaincre
1555 603 1597 642 16
1625 607 1763 644 tenta-

191 668 298 716 tion‚
320 679 345 706 6
365 666 491 706 voulu
512 678 654 719 passer
691 666 742 706 (16
779 666 984 707 l'aliment
1020 667 1209 719 corporei
1247 668 1272 706 6
1314 666 1521 706 l’aliment
1556 668 1762 720 spirituel.

192 732 306 774 Telle
326 734 388 771 est
407 731 754 783 l’iuterpretation
776 743 858 783 que
879 731 1018 771 donne
1050 732 1101 772 de
1132 744 1177 771 66
1211 734 1323 771 texte
1363 732 1474 771 saint
1510 733 1762 775 Ambroise:

197 811 217 835 «
237 791 471 844 Lffiomme,
494 795 628 844 dit-il,
648 796 709 835 vit
745 795 797 835 de
833 799 950 835 toute
986 796 1130 848 parole
1168 797 1219 836 (16
1257 796 1377 846 Dieu,
1412 797 1681 844 c’est-zi-dire,
1713 799 1766 840 de

191 862 395 902 l'aliment
414 861 465 900 de
484 861 526 899 16
545 860 688 912 parole
709 860 759 899 de
779 859 886 900 Dieu
907 861 981 913 qui
1012 862 1177 901 nourrit
1208 861 1333 901 l'eme
1361 865 1402 902 et
1434 862 1506 914 qui
1538 863 1627 902 doit
1657 876 1765 904 nous

192 927 298 967 faire
319 926 515 977 neg-liger
536 926 575 964 16
594 925 697 964 faim
723 925 779 965 du
817 937 950 977 corps.
974 941 994 962 »
1017 927 1303 967 ,Iesus-Christ
1340 939 1364 967 6
1401 927 1529 967 voulu
1565 940 1765 982 marquer

193 991 294 1044 qu'il
314 991 484 1030 desirait
504 990 599 1042 plus
618 989 660 1029 16
680 990 922 1030 nourritnre
944 991 994 1031 de
1016 991 1141 1030 l’eme
1161 1004 1243 1043 que
1264 991 1366 1032 celle
1399 992 1454 1031 du
1488 1005 1607 1045 corps
1624 1008 1634 1044 ;
1657 998 1699 1034 et
1732 994 1764 1034 il

192 1069 217 1097 6
234 1056 363 1096 voulu
383 1067 433 1095 611
453 1055 543 1095 6616
562 1067 669 1094 nous
689 1055 852 1095 donner
871 1056 1109 1108 l’exemple.
1131 1057 1248 1104 Mais,
1267 1057 1407 1109 quelle
1421 1062 1482 1096 est
1495 1061 1601 1098 cette
1620 1059 1764 1111 parole

192 1121 243 1161 de
262 1120 401 1161 Dieu‘?
420 1120 528 1160 C'est
557 1119 915 1172 Notre-Seigneur
945 1120 1221 1161 Jesus-Christ
1251 1121 1323 1172 qui
1356 1133 1461 1160 nous
1491 1125 1552 1162 est
1582 1124 1692 1163 servi
1711 1136 1764 1164 en

190 1186 434 1227 nourriture
454 1184 560 1224 dans
579 1184 618 1224 16
640 1186 888 1225 Sacrement
907 1185 957 1225 de
978 1197 1052 1224 nos
1073 1186 1221 1224 autels.
1244 1185 1387 1232 066116
1408 1191 1470 1226 651
1489 1189 1595 1227 66116
1619 1188 1765 1240 parole

191 1252 243 1292 de
261 1251 396 1291 Dieu‘?
417 1252 471 1290 (36
491 1253 587 1289 sont
607 1250 667 1290 les
689 1249 856 1291 Saintes
876 1250 1087 1290 Ecritures
1109 1251 1182 1302 qui
1201 1252 1364 1290 sortent
1384 1251 1435 1290 (16
1455 1251 1496 1291 16
1525 1251 1689 1293 bouche
1714 1254 1766 1294 de

190 1316 313 1357 Dieu.
335 1315 480 1363 066116
501 1317 563 1355 651
582 1318 690 1354 66116
711 1315 855 1367 parole
876 1315 926 1355 (16
948 1315 1084 1355 Dieu?
1104 1317 1160 1356 Ce
1180 1319 1273 1355 sont
1288 1315 1329 1355 16
1349 1316 1523 1367 lecture,
1546 1318 1587 1356 16
1607 1319 1763 1370 priere‚

189 1381 233 1422 16
250 1380 578 1433 contemplation
603 1380 675 1420 des
694 1380 838 1420 choses
857 1380 1035 1420 divines.
1058 1381 1204 1428 066116
1226 1384 1288 1420 651
1308 1393 1458 1421 encore
1487 1385 1594 1422 cette
1621 1384 1765 1435 parole

190 1446 243 1487 de
261 1447 398 1486 Dieu?
418 1448 473 1487 Ge
492 1448 588 1485 sont
606 1446 666 1485 les
684 1445 958 1498 inspiratione
978 1449 1020 1485 61
1042 1448 1180 1486 166165
1206 1446 1265 1486 165
1286 1446 1448 1497 pieuses
1469 1450 1641 1499 pensees
1675 1448 1763 1500 qui,

189 1514 348 1552 venant
367 1512 418 1551 de
437 1511 558 1559 Dieu,
574 1510 835 1551 nourrissent
856 1511 978 1551 l'eme
998 1513 1040 1551 et
1059 1511 1101 1551 16
1121 1511 1421 1551 reconfortent.
1438 1512 1561 1553 Voile
1575 1512 1617 1552 16
1637 1524 1763 1553 6661·-

189 1577 323 1617 riture
342 1576 394 1616 de
412 1576 610 1616 l'homme
630 1587 682 1616 en
703 1578 797 1615 1661
817 1576 1060 1628 qu’homme
1084 1589 1092 1615 :
1116 1576 1252 1626 l'nme,
1275 1577 1316 1615 la
1354 1577 1489 1628 partie
1527 1577 1761 1630 principale

191 1642 244 1683 de
261 1653 337 1682 son
357 1642 461 1689 6116,
484 1640 570 1681 s'en
592 1632 757 1680 11661111
783 1653 883 1681 avec
914 1641 1058 1693 plaisir
1076 1644 1118 1681 et
1138 1653 1237 1681 avec
1269 1640 1448 1691 (1611665;
1481 1640 1559 1681 6116
1592 1654 1635 1682 56
1670 1643 1763 1684 des-

191 1707 328 1757 566116,
351 1719 405 1746 66
424 1706 648 1756 contraire,
670 1706 703 1745 si
723 1706 803 1746 elle
822 1707 938 1746 vient
957 1709 981 1746 (1
1003 1706 1167 1746 oublier
1188 1707 1239 1746 de
1260 1718 1439 1759 manger
1458 1718 1503 1747 66
1521 1707 1637 1759 pain.
1653 1709 1766 1749 Nous

191 1784 322 1813 avons
341 1772 457 1823 ραι-16
477 1772 648 1811 61116615
669 1783 781 1811 assez
802 1783 857 1812 66
877 1772 983 1823 long
1001 1784 1072 1811 sur
1093 1783 1138 1810 66
1158 1772 1282 1822 sujet.

246 1838 282 1877 A
319 1836 591 1884 Hildesheim‚
626 1836 732 1876 dans
772 1836 810 1876 le
849 1837 994 1876 Comte
1032 1836 1083 1875 (16
1119 1835 1378 1886 Brunswick,
1400 1849 1459 1876 un
1497 1848 1765 1891 personnage

191 1901 318 1944 d'une
335 1901 465 1941 haute
484 1900 715 1952 6615561166,
737 1900 929 1951 vomant,
950 1900 1115 1953 malgre
1135 1901 1196 1941 les
1214 1901 1359 1941 efforts
1378 1901 1430 1941 de
1450 1913 1514 1942 ses
1526 1902 1766 1944 nombreux

613 132 662 161 LE
691 132 892 162 RATIONAL
919 133 994 161 DES
1023 123 1343 163 PREDICATEURS.

192 2078 463 2126 praevitlebatct
478 2078 686 2125 presciebat
705 2080 803 2126 quod
825 2080 955 2125 Angcli

193 2126 322 2164 cibum
347 2132 454 2163 erant
474 2127 737 2163 ministraturi.
761 2129 955 2171 Quomodo

193 2180 318 2211 autem
340 2174 438 2210 Deus
458 2175 574 2220 possit
597 2175 762 2221 qualibet
784 2185 822 2211 re
841 2175 955 2218 alere,

192 2226 293 2270 patet
305 2227 383 2258 tum
398 2222 437 2258 in
452 2221 532 2257 Elia
548 2227 583 2258 et
598 2223 738 2268 Moyse,
753 2227 830 2259 tum
844 2222 883 2258 in
900 2223 957 2258 liis

194 2280 288 2317 quos
307 2269 473 2306 diximus
503 2279 616 2315 supra
647 2280 712 2316 per
743 2280 894 2306 menses
923 2275 958 2306 et

192 2327 330 2363 annos,
363 2317 532 2353 oratione
565 2322 600 2353 et
637 2328 742 2354 sacra
780 2328 956 2354 commu-

195 2365 325 2406 nione,
365 2364 610 2411 corporaliter
641 2370 675 2401 et
715 2365 958 2412 spiritualiter

193 2416 434 2449 sustentatos.
459 2412 580 2448 Potest
599 2412 712 2449 ctiam
736 2413 796 2449 liic
819 2412 955 2449 intelli-

194 2459 245 2507 gi.
267 2459 366 2506 quod
388 2459 557 2495 Christus
577 2472 597 2495 6
612 2460 755 2496 carnali
775 2460 957 2496 alimento

192 2507 240 2544 ad
261 2506 455 2561 spirituale
475 2518 687 2543 sermonem
724 2513 863 2544 vcrtcrc
891 2518 955 2543 vo-

194 2554 318 2598 luerit,
337 2559 374 2590 ut
395 2554 561 2591 eluderet
577 2554 837 2592 tentationem.
855 2555 958 2592 Unde

194 2606 348 2639 sanetus
380 2602 599 2639 Ambrosius
636 2603 690 2639 sic
733 2602 957 2650 interpreta-

199 2654 259 2686 tur
282 2660 289 2685 :

246 2711 259 2729 ι
285 2696 512 2733 Vivit‘liomo
533 2697 637 2734 omni
667 2696 784 2733 v‹=rbo
821 2698 899 2741 ilci,
921 2697 955 2733 i‹l

194 2749 249 2780 est
268 2744 451 2780 alimento
474 2744 580 2780 Verbi
602 2745 765 2781 cmlcstis
791 2754 864 2791 quo
884 2745 956 2781 uli-

195 2797 254 2828 tur
272 2792 413 2836 unimu,
436 2797 470 2827 «et
493 2803 568 2838 prm
590 2792 655 2829 illo
676 2794 792 2829 sanius
821 2803 952 2839 corpo·

196 2839 247 2875 ris
284 2843 339 2876 est
378 2839 616 2885 negligenda.
649 2855 662 2873 n
690 2840 751 2876 Sic
790 2840 958 2877 Christus

194 2886 312 2924 voluit
341 2885 571 2932 significare,
598 2898 638 2924 se
680 2887 804 2935 potius
841 2898 957 2936 uppe-

183 2937 273 2972 .tere
302 2933 432 2974 elbum
464 2935 599 2982 animi,
632 2945 746 2983 quum
774 2935 956 2983 corporis,

996 2085 1031 2116 61
1049 2080 1095 2116 ad
1118 2080 1281 2127 idipsum
1305 2081 1421 2117 voluit
1450 2082 1669 2128 exemplum
1698 2093 1765 2120 no-

998 2127 1053 2164 bis
1073 2129 1174 2164 clarc.
1209 2129 1315 2172 Quod
1348 2133 1404 2165 651
1435 2133 1562 2165 autem
1599 2129 1765 2166 Verbum

999 2176 1089 2212 Dei?
1112 2176 1282 2212 Christus
1304 2177 1500 2220 Dominus,
1521 2176 1586 2223 qui
1605 2177 1764 2223 apponi·

997 2227 1057 2259 tur
1076 2223 1186 2259 nobis
1201 2223 1309 2260 cibus
1324 2224 1362 2260 in
1383 2225 1640 2261 Sacramenlo.
1654 2224 1765 2268 Quod

997 2276 1051 2307 cst
1088 2270 1251 2308 Verbum
1305 2270 1396 2308 Dei?
1434 2272 1546 2308 Sacra
1597 2272 1762 2318 eloquia,

998 2329 1079 2364 qum
1113 2330 1157 2354 cx
1189 2329 1253 2355 orc
1284 2318 1364 2364 ejus
1396 2320 1618 2365 procedunt.
1655 2320 1764 2364 Quod

997 2371 1049 2402 651
1097 2366 1259 2403 Verbum
1307 2366 1400 2403 ilci?
1440 2366 1575 2410 Lectio,
1627 2368 1763 2412 oratio,

997 2414 1265 2460 contemplatio
1337 2424 1461 2450 rorum
1527 2414 1761 2451 divinarum.

997 2462 1100 2504 Quod
1118 2467 1172 2498 cst
1195 2461 1356 2498 Verbum
1391 2462 1482 2498 Dei?
1503 2462 1705 2509 inspiratio
1726 2466 1764 2499 61

1000 2509 1060 2554 pia
1093 2510 1219 2545 omnis
1248 2510 1422 2554 cogitatio
1456 2521 1477 2545 6
1513 2510 1586 2547 Deo
1627 2518 1764 2556 proce-

996 2556 1103 2601 (lons,
1131 2561 1166 2592 ct
1196 2557 1364 2593 unimam
1394 2567 1552 2603 pascens
1588 2567 1632 2594 nc
1671 2557 1763 2593 roli-

996 2603 1114 2639 cicns.
1140 2604 1189 2640 lie
1211 2604 1268 2640 liis
1300 2605 1411 2641 bomo
1440 2604 1529 2640 vivit
1560 2607 1601 2640 ut
1633 2603 1763 2650 homo,

997 2651 1083 2697 quia
1106 2651 1180 2686 illis
1201 2663 1321 2696 muns,
1346 2652 1522 2699 primaria
1542 2651 1581 2687 in
1608 2650 1764 2689 homine

997 2709 1095 2745 pars,
1119 2700 1280 2735 vcscilur
1300 2699 1529 2746 pei-jucunde
1549 2703 1585 2734 ot
1604 2709 1763 2745 saporo-

997 2747 1214 2790 sewu-escit
1257 2758 1341 2783 vcro
1391 2747 1481 2782 dum
1525 2745 1764 2784 obliviscitur

998 2793 1099 2830 hunc
1156 2805 1280 2830 lanum
1331 2794 1541 2831 comedere.
1592 2794 1641 2830 llo
1687 2803 1762 2841 quo

997 2841 1103 2889 plura
1119 2852 1139 2876 n
1160 2840 1223 2877 ibi.

1043 2888 1203 2932 Quidmu
1237 2887 1375 2925 nobilis
1405 2888 1560 2926 llildesii
1595 2888 1633 2925 in
1661 2891 1760 2926 terra

997 2935 1289 2983 lzrunswicensi‚
1335 2946 1423 2974 cum
1464 2947 1542 2974 non
1586 2935 1761 2974 obstante
