<?xml version="1.0" encoding="UTF-8"?>
<!DOCTYPE html PUBLIC "-//W3C//DTD XHTML 1.0 Transitional//EN"
    "http://www.w3.org/TR/xhtml1/DTD/xhtml1-transitional.dtd">
<html xmlns="http://www.w3.org/1999/xhtml" xml:lang="en" lang="en">
 <head>
  <title>
</title>
<meta http-equiv="Content-Type" content="text/html;charset=utf-8" />
  <meta name='ocr-system' content='tesseract 3.04.00' />
  <meta name='ocr-capabilities' content='ocr_page ocr_carea ocr_par ocr_line ocrx_word'/>
</head>
<body>
  <div class='ocr_page' id='page_1' title='image "./lerationaldespr02marc_0481.png"; bbox 0 0 1858 3146; ppageno 0'>
   <div class='ocr_carea' id='block_1_1' title="bbox 487 174 1622 216">
    <p class='ocr_par' dir='ltr' id='par_1_1' title="bbox 487 174 1622 216">
     <span class='ocr_line' id='line_1_1' title="bbox 487 174 1622 216; baseline -0.004 0"><span class='ocrx_word' id='word_1_1' title='bbox 487 185 664 216; x_wconf 68' lang='lat' dir='ltr'>paemen</span> <span class='ocrx_word' id='word_1_2' title='bbox 692 184 904 215; x_wconf 68' lang='grc'>8181111888</span> <span class='ocrx_word' id='word_1_3' title='bbox 935 185 986 212; x_wconf 69' lang='lat' dir='ltr'>nr:</span> <span class='ocrx_word' id='word_1_4' title='bbox 1017 176 1198 214; x_wconf 62' lang='grc'>8111111118.</span> <span class='ocrx_word' id='word_1_5' title='bbox 1545 174 1622 214; x_wconf 78' lang='grc'>471</span> 
     </span>
    </p>
   </div>
   <div class='ocr_carea' id='block_1_2' title="bbox 52 262 1628 2013">
    <p class='ocr_par' dir='ltr' id='par_1_2' title="bbox 55 262 1626 441">
     <span class='ocr_line' id='line_1_2' title="bbox 58 262 1626 316; baseline -0.001 -13"><span class='ocrx_word' id='word_1_6' title='bbox 58 263 133 304; x_wconf 84' lang='grc'>118.</span> <span class='ocrx_word' id='word_1_7' title='bbox 156 263 265 315; x_wconf 83' lang='lat' dir='ltr'>(Cz&#39;te&#39;</span> <span class='ocrx_word' id='word_1_8' title='bbox 280 263 326 305; x_wconf 87' lang='lat' dir='ltr'>de</span> <span class='ocrx_word' id='word_1_9' title='bbox 352 264 469 315; x_wconf 76' lang='lat' dir='ltr'>Dieu,</span> <span class='ocrx_word' id='word_1_10' title='bbox 493 264 560 304; x_wconf 79' lang='lat' dir='ltr'>liv.</span> <span class='ocrx_word' id='word_1_11' title='bbox 595 266 667 315; x_wconf 90' lang='lat' dir='ltr'>IX,</span> <span class='ocrx_word' id='word_1_12' title='bbox 687 262 754 316; x_wconf 81' lang='lat'>21)</span> <span class='ocrx_word' id='word_1_13' title='bbox 778 274 788 302; x_wconf 96' lang='lat'><strong>:</strong></span> <span class='ocrx_word' id='word_1_14' title='bbox 831 278 852 299; x_wconf 91' lang='lat'>«</span> <span class='ocrx_word' id='word_1_15' title='bbox 885 263 1160 303; x_wconf 66' lang='lat' dir='ltr'>,lesus-Christ</span> <span class='ocrx_word' id='word_1_16' title='bbox 1190 274 1244 302; x_wconf 91' lang='grc'>88</span> <span class='ocrx_word' id='word_1_17' title='bbox 1276 263 1342 302; x_wconf 83' lang='lat' dir='ltr'>fut</span> <span class='ocrx_word' id='word_1_18' title='bbox 1374 274 1515 302; x_wconf 88' lang='grc'>808811</span> <span class='ocrx_word' id='word_1_19' title='bbox 1553 263 1626 302; x_wconf 84' lang='grc'>(185</span> 
     </span>
     <span class='ocr_line' id='line_1_3' title="bbox 57 326 1626 383; baseline -0.001 -15"><span class='ocrx_word' id='word_1_20' title='bbox 57 328 230 369; x_wconf 81' lang='grc'>(1818085</span> <span class='ocrx_word' id='word_1_21' title='bbox 250 329 466 383; x_wconf 85' lang='lat' dir='ltr'>qu&#39;autant</span> <span class='ocrx_word' id='word_1_22' title='bbox 485 329 588 382; x_wconf 85' lang='lat' dir='ltr'>qu&#39;il</span> <span class='ocrx_word' id='word_1_23' title='bbox 606 330 646 369; x_wconf 91' lang='lat' dir='ltr'>le</span> <span class='ocrx_word' id='word_1_24' title='bbox 666 328 842 376; x_wconf 81' lang='lat' dir='ltr'>voulut3</span> <span class='ocrx_word' id='word_1_25' title='bbox 865 330 908 367; x_wconf 91' lang='lat' dir='ltr'>et</span> <span class='ocrx_word' id='word_1_26' title='bbox 926 327 957 366; x_wconf 93' lang='lat' dir='ltr'>il</span> <span class='ocrx_word' id='word_1_27' title='bbox 978 339 1031 366; x_wconf 90' lang='lat' dir='ltr'>ne</span> <span class='ocrx_word' id='word_1_28' title='bbox 1050 327 1089 367; x_wconf 94' lang='lat' dir='ltr'>le</span> <span class='ocrx_word' id='word_1_29' title='bbox 1111 327 1260 366; x_wconf 86' lang='lat' dir='ltr'><strong>voulut</strong></span> <span class='ocrx_word' id='word_1_30' title='bbox 1281 326 1503 380; x_wconf 85' lang='lat' dir='ltr'>qu&#39;autant</span> <span class='ocrx_word' id='word_1_31' title='bbox 1523 327 1626 380; x_wconf 90' lang='lat' dir='ltr'>qu’il</span> 
     </span>
     <span class='ocr_line' id='line_1_4' title="bbox 55 399 296 441; baseline -0.012 -1"><span class='ocrx_word' id='word_1_32' title='bbox 55 399 95 441; x_wconf 80' lang='lat' dir='ltr'>le</span> <span class='ocrx_word' id='word_1_33' title='bbox 115 399 253 440; x_wconf 80' lang='lat' dir='ltr'>fallut.</span> <span class='ocrx_word' id='word_1_34' title='bbox 276 415 296 437; x_wconf 83' lang='lat'>‚,</span> 
     </span>
    </p>

    <p class='ocr_par' dir='ltr' id='par_1_3' title="bbox 52 462 1628 2013">
     <span class='ocr_line' id='line_1_5' title="bbox 110 462 1627 515; baseline -0.001 -11"><span class='ocrx_word' id='word_1_35' title='bbox 110 465 172 504; x_wconf 88' lang='lat' dir='ltr'>En</span> <span class='ocrx_word' id='word_1_36' title='bbox 191 468 323 515; x_wconf 88' lang='lat' dir='ltr'>outre,</span> <span class='ocrx_word' id='word_1_37' title='bbox 347 464 601 504; x_wconf 82' lang='lat' dir='ltr'>nonobstant</span> <span class='ocrx_word' id='word_1_38' title='bbox 630 476 696 504; x_wconf 91' lang='grc'>885</span> <span class='ocrx_word' id='word_1_39' title='bbox 726 464 1019 515; x_wconf 78' lang='lat' dir='ltr'>temoignages</span> <span class='ocrx_word' id='word_1_40' title='bbox 1050 463 1207 502; x_wconf 88' lang='lat' dir='ltr'>rendus</span> <span class='ocrx_word' id='word_1_41' title='bbox 1244 463 1301 502; x_wconf 91' lang='lat' dir='ltr'>du</span> <span class='ocrx_word' id='word_1_42' title='bbox 1333 462 1411 502; x_wconf 86' lang='lat' dir='ltr'>ciel</span> <span class='ocrx_word' id='word_1_43' title='bbox 1442 466 1483 502; x_wconf 89' lang='lat' dir='ltr'>et</span> <span class='ocrx_word' id='word_1_44' title='bbox 1513 463 1564 503; x_wconf 85' lang='lat' dir='ltr'>de</span> <span class='ocrx_word' id='word_1_45' title='bbox 1584 463 1627 503; x_wconf 86' lang='grc'>18.</span> 
     </span>
     <span class='ocr_line' id='line_1_6' title="bbox 55 528 1624 584; baseline -0.003 -13"><span class='ocrx_word' id='word_1_46' title='bbox 55 534 167 574; x_wconf 86' lang='lat' dir='ltr'>terre</span> <span class='ocrx_word' id='word_1_47' title='bbox 182 544 258 584; x_wconf 80' lang='lat' dir='ltr'>par</span> <span class='ocrx_word' id='word_1_48' title='bbox 276 531 336 570; x_wconf 92' lang='lat' dir='ltr'>les</span> <span class='ocrx_word' id='word_1_49' title='bbox 351 531 492 581; x_wconf 82' lang='lat' dir='ltr'>Auges</span> <span class='ocrx_word' id='word_1_50' title='bbox 513 534 554 570; x_wconf 90' lang='lat' dir='ltr'>et</span> <span class='ocrx_word' id='word_1_51' title='bbox 572 542 649 582; x_wconf 81' lang='lat' dir='ltr'>par</span> <span class='ocrx_word' id='word_1_52' title='bbox 668 531 727 570; x_wconf 92' lang='lat' dir='ltr'>les</span> <span class='ocrx_word' id='word_1_53' title='bbox 746 529 953 579; x_wconf 89' lang='lat' dir='ltr'>hommes,</span> <span class='ocrx_word' id='word_1_54' title='bbox 976 528 1007 568; x_wconf 91' lang='lat' dir='ltr'>il</span> <span class='ocrx_word' id='word_1_55' title='bbox 1035 535 1106 568; x_wconf 90' lang='lat' dir='ltr'>eut</span> <span class='ocrx_word' id='word_1_56' title='bbox 1137 528 1328 579; x_wconf 88' lang='lat' dir='ltr'>toujours</span> <span class='ocrx_word' id='word_1_57' title='bbox 1358 528 1513 567; x_wconf 84' lang='lat' dir='ltr'>devant</span> <span class='ocrx_word' id='word_1_58' title='bbox 1549 539 1624 567; x_wconf 90' lang='lat' dir='ltr'>son</span> 
     </span>
     <span class='ocr_line' id='line_1_7' title="bbox 55 592 1627 649; baseline -0.003 -13"><span class='ocrx_word' id='word_1_59' title='bbox 55 596 327 649; x_wconf 86' lang='lat' dir='ltr'>intelligence</span> <span class='ocrx_word' id='word_1_60' title='bbox 348 594 528 648; x_wconf 83' lang='lat' dir='ltr'>quelque</span> <span class='ocrx_word' id='word_1_61' title='bbox 548 596 670 635; x_wconf 85' lang='lat' dir='ltr'><strong>chose</strong></span> <span class='ocrx_word' id='word_1_62' title='bbox 692 594 764 647; x_wconf 88' lang='lat' dir='ltr'>qui</span> <span class='ocrx_word' id='word_1_63' title='bbox 783 594 821 634; x_wconf 93' lang='lat' dir='ltr'>le</span> <span class='ocrx_word' id='word_1_64' title='bbox 841 593 982 633; x_wconf 78' lang='lat' dir='ltr'>faisait</span> <span class='ocrx_word' id='word_1_65' title='bbox 1013 593 1176 632; x_wconf 88' lang='lat' dir='ltr'>douter.</span> <span class='ocrx_word' id='word_1_66' title='bbox 1212 594 1290 632; x_wconf 85' lang='lat' dir='ltr'>Car</span> <span class='ocrx_word' id='word_1_67' title='bbox 1322 592 1350 631; x_wconf 94' lang='lat' dir='ltr'>il</span> <span class='ocrx_word' id='word_1_68' title='bbox 1388 593 1627 644; x_wconf 83' lang='lat' dir='ltr'>apercevait</span> 
     </span>
     <span class='ocr_line' id='line_1_8' title="bbox 54 657 1626 712; baseline -0.003 -11"><span class='ocrx_word' id='word_1_69' title='bbox 54 663 258 702; x_wconf 85' lang='lat' dir='ltr'>certaines</span> <span class='ocrx_word' id='word_1_70' title='bbox 271 660 413 700; x_wconf 84' lang='lat' dir='ltr'>choses</span> <span class='ocrx_word' id='word_1_71' title='bbox 432 660 645 712; x_wconf 82' lang='lat' dir='ltr'>vulgaires</span> <span class='ocrx_word' id='word_1_72' title='bbox 659 663 701 699; x_wconf 92' lang='lat' dir='ltr'>et</span> <span class='ocrx_word' id='word_1_73' title='bbox 720 659 914 710; x_wconf 84' lang='lat' dir='ltr'>indignes</span> <span class='ocrx_word' id='word_1_74' title='bbox 928 659 1027 698; x_wconf 88' lang='lat' dir='ltr'>d&#39;un</span> <span class='ocrx_word' id='word_1_75' title='bbox 1042 658 1148 698; x_wconf 82' lang='lat' dir='ltr'>Dieu</span> <span class='ocrx_word' id='word_1_76' title='bbox 1164 669 1259 710; x_wconf 89' lang='lat' dir='ltr'>que.</span> <span class='ocrx_word' id='word_1_77' title='bbox 1278 657 1382 696; x_wconf 87' lang='lat' dir='ltr'>dans</span> <span class='ocrx_word' id='word_1_78' title='bbox 1401 657 1626 708; x_wconf 87' lang='lat' dir='ltr'>l&#39;aveugle-</span> 
     </span>
     <span class='ocr_line' id='line_1_9' title="bbox 55 721 1625 778; baseline -0.003 -12"><span class='ocrx_word' id='word_1_79' title='bbox 55 728 171 766; x_wconf 86' lang='lat' dir='ltr'>ment</span> <span class='ocrx_word' id='word_1_80' title='bbox 190 727 312 766; x_wconf 77' lang='lat' dir='ltr'>cause</span> <span class='ocrx_word' id='word_1_81' title='bbox 331 738 408 778; x_wconf 87' lang='lat' dir='ltr'>par</span> <span class='ocrx_word' id='word_1_82' title='bbox 426 737 499 764; x_wconf 88' lang='lat' dir='ltr'>son</span> <span class='ocrx_word' id='word_1_83' title='bbox 518 724 697 776; x_wconf 84' lang='lat' dir='ltr'>orgueil,</span> <span class='ocrx_word' id='word_1_84' title='bbox 719 724 751 764; x_wconf 91' lang='lat' dir='ltr'>il</span> <span class='ocrx_word' id='word_1_85' title='bbox 771 724 931 775; x_wconf 83' lang='lat' dir='ltr'>croyait</span> <span class='ocrx_word' id='word_1_86' title='bbox 951 723 1240 763; x_wconf 86' lang='lat' dir='ltr'>difficilement</span> <span class='ocrx_word' id='word_1_87' title='bbox 1266 722 1443 774; x_wconf 89' lang='lat' dir='ltr'>pouvoir</span> <span class='ocrx_word' id='word_1_88' title='bbox 1472 721 1625 762; x_wconf 87' lang='lat' dir='ltr'>s’allier</span> 
     </span>
     <span class='ocr_line' id='line_1_10' title="bbox 53 786 1624 851; baseline -0.003 -20"><span class='ocrx_word' id='word_1_89' title='bbox 53 802 154 831; x_wconf 83' lang='lat' dir='ltr'>avec</span> <span class='ocrx_word' id='word_1_90' title='bbox 171 791 213 830; x_wconf 86' lang='lat' dir='ltr'>la</span> <span class='ocrx_word' id='word_1_91' title='bbox 231 790 420 851; x_wconf 49' lang='lat' dir='ltr'>divinite:</span> <span class='ocrx_word' id='word_1_92' title='bbox 445 790 563 830; x_wconf 86' lang='lat' dir='ltr'>Aussi</span> <span class='ocrx_word' id='word_1_93' title='bbox 583 790 692 830; x_wconf 80' lang='lat' dir='ltr'><strong>saint</strong></span> <span class='ocrx_word' id='word_1_94' title='bbox 711 790 863 841; x_wconf 82' lang='lat' dir='ltr'>Ignace</span> <span class='ocrx_word' id='word_1_95' title='bbox 882 788 1032 840; x_wconf 83' lang='lat' dir='ltr'>(Lettre</span> <span class='ocrx_word' id='word_1_96' title='bbox 1052 799 1142 838; x_wconf 85' lang='lat' dir='ltr'>VIII,</span> <span class='ocrx_word' id='word_1_97' title='bbox 1165 800 1249 827; x_wconf 74' lang='lat' dir='ltr'>auoe</span> <span class='ocrx_word' id='word_1_98' title='bbox 1269 786 1439 840; x_wconf 68' lang='lat' dir='ltr'>Plee&#39;lep.)</span> <span class='ocrx_word' id='word_1_99' title='bbox 1461 786 1624 826; x_wconf 88' lang='lat' dir='ltr'>l&#39;inter-</span> 
     </span>
     <span class='ocr_line' id='line_1_11' title="bbox 53 852 1625 909; baseline -0.003 -13"><span class='ocrx_word' id='word_1_100' title='bbox 53 855 250 909; x_wconf 86' lang='lat' dir='ltr'>pelle-t-il</span> <span class='ocrx_word' id='word_1_101' title='bbox 268 868 321 896; x_wconf 91' lang='lat' dir='ltr'>en</span> <span class='ocrx_word' id='word_1_102' title='bbox 341 867 407 896; x_wconf 90' lang='grc'>885</span> <span class='ocrx_word' id='word_1_103' title='bbox 426 858 579 895; x_wconf 89' lang='lat' dir='ltr'>termes</span> <span class='ocrx_word' id='word_1_104' title='bbox 601 868 610 894; x_wconf 75' lang='grc' dir='ltr'>ε</span> <span class='ocrx_word' id='word_1_105' title='bbox 639 869 658 892; x_wconf 89' lang='lat'>«</span> <span class='ocrx_word' id='word_1_106' title='bbox 678 856 755 895; x_wconf 87' lang='lat' dir='ltr'>Les</span> <span class='ocrx_word' id='word_1_107' title='bbox 774 855 977 906; x_wconf 86' lang='lat' dir='ltr'>louanges</span> <span class='ocrx_word' id='word_1_108' title='bbox 998 854 1069 893; x_wconf 90' lang='lat' dir='ltr'>des</span> <span class='ocrx_word' id='word_1_109' title='bbox 1088 857 1248 905; x_wconf 84' lang='lat' dir='ltr'>Auges,</span> <span class='ocrx_word' id='word_1_110' title='bbox 1270 852 1522 892; x_wconf 79' lang='lat' dir='ltr'>l’adoration</span> <span class='ocrx_word' id='word_1_111' title='bbox 1552 852 1625 892; x_wconf 90' lang='lat' dir='ltr'>des</span> 
     </span>
     <span class='ocr_line' id='line_1_12' title="bbox 53 918 1624 973; baseline -0.003 -12"><span class='ocrx_word' id='word_1_112' title='bbox 53 921 213 973; x_wconf 77' lang='lat' dir='ltr'>Meges,</span> <span class='ocrx_word' id='word_1_113' title='bbox 234 921 273 960; x_wconf 92' lang='lat' dir='ltr'>le</span> <span class='ocrx_word' id='word_1_114' title='bbox 293 921 407 960; x_wconf 87' lang='lat' dir='ltr'>lever</span> <span class='ocrx_word' id='word_1_115' title='bbox 425 921 476 960; x_wconf 90' lang='lat' dir='ltr'>de</span> <span class='ocrx_word' id='word_1_116' title='bbox 495 920 650 960; x_wconf 81' lang='lat' dir='ltr'>l’etoile</span> <span class='ocrx_word' id='word_1_117' title='bbox 670 923 711 960; x_wconf 88' lang='lat' dir='ltr'>te</span> <span class='ocrx_word' id='word_1_118' title='bbox 727 920 920 971; x_wconf 84' lang='lat' dir='ltr'>jetaient,</span> <span class='ocrx_word' id='word_1_119' title='bbox 939 920 964 959; x_wconf 86' lang='grc' dir='ltr'>ὀ</span> <span class='ocrx_word' id='word_1_120' title='bbox 984 919 1152 968; x_wconf 78' lang='lat' dir='ltr'>demon,</span> <span class='ocrx_word' id='word_1_121' title='bbox 1177 918 1280 958; x_wconf 86' lang='lat' dir='ltr'>dans</span> <span class='ocrx_word' id='word_1_122' title='bbox 1303 918 1624 958; x_wconf 77' lang='lat' dir='ltr'>l’etonnement.</span> 
     </span>
     <span class='ocr_line' id='line_1_13' title="bbox 53 982 1626 1037; baseline -0.003 -11"><span class='ocrx_word' id='word_1_123' title='bbox 53 987 129 1026; x_wconf 89' lang='lat' dir='ltr'>Les</span> <span class='ocrx_word' id='word_1_124' title='bbox 150 985 293 1026; x_wconf 85' lang='lat' dir='ltr'>choses</span> <span class='ocrx_word' id='word_1_125' title='bbox 311 985 526 1036; x_wconf 84' lang='lat' dir='ltr'>vulgaires</span> <span class='ocrx_word' id='word_1_126' title='bbox 554 997 635 1037; x_wconf 90' lang='lat' dir='ltr'>que</span> <span class='ocrx_word' id='word_1_127' title='bbox 669 987 716 1024; x_wconf 90' lang='lat' dir='ltr'>tu</span> <span class='ocrx_word' id='word_1_128' title='bbox 750 985 938 1037; x_wconf 63' lang='lat' dir='ltr'>aperqois</span> <span class='ocrx_word' id='word_1_129' title='bbox 970 988 1011 1024; x_wconf 91' lang='lat' dir='ltr'>te</span> <span class='ocrx_word' id='word_1_130' title='bbox 1048 984 1142 1023; x_wconf 89' lang='lat' dir='ltr'>font</span> <span class='ocrx_word' id='word_1_131' title='bbox 1172 983 1385 1023; x_wconf 85' lang='lat' dir='ltr'>retomber</span> <span class='ocrx_word' id='word_1_132' title='bbox 1415 982 1520 1022; x_wconf 88' lang='grc'>(1885</span> <span class='ocrx_word' id='word_1_133' title='bbox 1552 987 1626 1022; x_wconf 84' lang='grc'>108</span> 
     </span>
     <span class='ocr_line' id='line_1_14' title="bbox 53 1046 1627 1102; baseline -0.001 -12"><span class='ocrx_word' id='word_1_134' title='bbox 53 1050 299 1102; x_wconf 75' lang='lat' dir='ltr'>ignor-auce,</span> <span class='ocrx_word' id='word_1_135' title='bbox 321 1063 392 1090; x_wconf 87' lang='grc'>881</span> <span class='ocrx_word' id='word_1_136' title='bbox 411 1052 449 1090; x_wconf 90' lang='grc'>18</span> <span class='ocrx_word' id='word_1_137' title='bbox 467 1051 663 1101; x_wconf 76' lang='grc'>11818888,</span> <span class='ocrx_word' id='word_1_138' title='bbox 684 1050 745 1090; x_wconf 91' lang='grc'>185</span> <span class='ocrx_word' id='word_1_139' title='bbox 764 1050 1021 1101; x_wconf 80' lang='lat' dir='ltr'>souffrances</span> <span class='ocrx_word' id='word_1_140' title='bbox 1041 1049 1093 1088; x_wconf 91' lang='lat' dir='ltr'>de</span> <span class='ocrx_word' id='word_1_141' title='bbox 1113 1049 1154 1088; x_wconf 88' lang='grc'>18</span> <span class='ocrx_word' id='word_1_142' title='bbox 1167 1049 1458 1095; x_wconf 84' lang='grc'>811888815108,</span> <span class='ocrx_word' id='word_1_143' title='bbox 1480 1046 1627 1088; x_wconf 77' lang='lat' dir='ltr'>ratlai-</span> 
     </span>
     <span class='ocr_line' id='line_1_15' title="bbox 53 1113 1627 1167; baseline -0.002 -11"><span class='ocrx_word' id='word_1_144' title='bbox 53 1119 214 1156; x_wconf 88' lang='lat' dir='ltr'>tement</span> <span class='ocrx_word' id='word_1_145' title='bbox 233 1119 273 1156; x_wconf 90' lang='lat' dir='ltr'>et</span> <span class='ocrx_word' id='word_1_146' title='bbox 295 1116 336 1156; x_wconf 84' lang='lat' dir='ltr'>la</span> <span class='ocrx_word' id='word_1_147' title='bbox 367 1116 472 1155; x_wconf 86' lang='lat' dir='ltr'>suite</span> <span class='ocrx_word' id='word_1_148' title='bbox 505 1117 562 1155; x_wconf 89' lang='lat' dir='ltr'>du</span> <span class='ocrx_word' id='word_1_149' title='bbox 595 1117 785 1156; x_wconf 88' lang='lat' dir='ltr'>Sauveur</span> <span class='ocrx_word' id='word_1_150' title='bbox 817 1127 869 1154; x_wconf 90' lang='lat' dir='ltr'>en</span> <span class='ocrx_word' id='word_1_151' title='bbox 890 1116 1071 1167; x_wconf 85' lang='lat' dir='ltr'>Egypte,</span> <span class='ocrx_word' id='word_1_152' title='bbox 1095 1119 1136 1154; x_wconf 85' lang='lat' dir='ltr'>te</span> <span class='ocrx_word' id='word_1_153' title='bbox 1168 1114 1403 1166; x_wconf 86' lang='lat' dir='ltr'>paraissent</span> <span class='ocrx_word' id='word_1_154' title='bbox 1440 1113 1564 1166; x_wconf 88' lang='lat' dir='ltr'>petits</span> <span class='ocrx_word' id='word_1_155' title='bbox 1583 1115 1627 1153; x_wconf 88' lang='lat' dir='ltr'>et</span> 
     </span>
     <span class='ocr_line' id='line_1_16' title="bbox 52 1178 1626 1232; baseline -0.002 -12"><span class='ocrx_word' id='word_1_156' title='bbox 52 1179 251 1232; x_wconf 80' lang='lat' dir='ltr'>indignes</span> <span class='ocrx_word' id='word_1_157' title='bbox 270 1181 367 1220; x_wconf 91' lang='lat' dir='ltr'>d&#39;un</span> <span class='ocrx_word' id='word_1_158' title='bbox 389 1181 511 1220; x_wconf 91' lang='lat' dir='ltr'>Dieu.</span> <span class='ocrx_word' id='word_1_159' title='bbox 534 1195 553 1218; x_wconf 91' lang='lat'>»</span> <span class='ocrx_word' id='word_1_160' title='bbox 579 1181 713 1230; x_wconf 86' lang='lat' dir='ltr'>Ainsi,</span> <span class='ocrx_word' id='word_1_161' title='bbox 735 1180 904 1232; x_wconf 88' lang='lat' dir='ltr'>lorsque</span> <span class='ocrx_word' id='word_1_162' title='bbox 924 1180 1028 1220; x_wconf 90' lang='lat' dir='ltr'>Dieu</span> <span class='ocrx_word' id='word_1_163' title='bbox 1054 1179 1093 1219; x_wconf 90' lang='lat' dir='ltr'>le</span> <span class='ocrx_word' id='word_1_164' title='bbox 1114 1181 1216 1219; x_wconf 80' lang='lat' dir='ltr'>Pere</span> <span class='ocrx_word' id='word_1_165' title='bbox 1247 1178 1460 1231; x_wconf 85' lang='lat' dir='ltr'>proclame</span> <span class='ocrx_word' id='word_1_166' title='bbox 1487 1178 1626 1231; x_wconf 92' lang='lat' dir='ltr'>publi-</span> 
     </span>
     <span class='ocr_line' id='line_1_17' title="bbox 55 1243 1626 1298; baseline -0.001 -13"><span class='ocrx_word' id='word_1_167' title='bbox 55 1250 255 1298; x_wconf 85' lang='lat' dir='ltr'>quement</span> <span class='ocrx_word' id='word_1_168' title='bbox 274 1258 358 1298; x_wconf 89' lang='lat' dir='ltr'>que</span> <span class='ocrx_word' id='word_1_169' title='bbox 377 1246 654 1287; x_wconf 79' lang='lat' dir='ltr'>Jesus-Christ</span> <span class='ocrx_word' id='word_1_170' title='bbox 674 1246 777 1285; x_wconf 86' lang='grc'>81811</span> <span class='ocrx_word' id='word_1_171' title='bbox 796 1258 869 1284; x_wconf 89' lang='grc'>508</span> <span class='ocrx_word' id='word_1_172' title='bbox 888 1245 953 1284; x_wconf 85' lang='lat' dir='ltr'>fils</span> <span class='ocrx_word' id='word_1_173' title='bbox 972 1245 1222 1293; x_wconf 79' lang='lat' dir='ltr'>bien-aime,</span> <span class='ocrx_word' id='word_1_174' title='bbox 1240 1246 1348 1284; x_wconf 79' lang='lat' dir='ltr'>cette</span> <span class='ocrx_word' id='word_1_175' title='bbox 1368 1243 1626 1284; x_wconf 77' lang='lat' dir='ltr'>declaration</span> 
     </span>
     <span class='ocr_line' id='line_1_18' title="bbox 54 1308 1627 1363; baseline -0.001 -13"><span class='ocrx_word' id='word_1_176' title='bbox 54 1310 116 1350; x_wconf 89' lang='lat' dir='ltr'>lui</span> <span class='ocrx_word' id='word_1_177' title='bbox 131 1310 209 1350; x_wconf 85' lang='lat' dir='ltr'>fait</span> <span class='ocrx_word' id='word_1_178' title='bbox 227 1323 487 1363; x_wconf 68' lang='lat' dir='ltr'>soupqonner</span> <span class='ocrx_word' id='word_1_179' title='bbox 506 1323 550 1350; x_wconf 89' lang='grc'>58</span> <span class='ocrx_word' id='word_1_180' title='bbox 570 1310 743 1350; x_wconf 76' lang='lat' dir='ltr'>divinite</span> <span class='ocrx_word' id='word_1_181' title='bbox 767 1324 776 1350; x_wconf 89' lang='lat'>:</span> <span class='ocrx_word' id='word_1_182' title='bbox 800 1311 905 1350; x_wconf 87' lang='lat' dir='ltr'>mais</span> <span class='ocrx_word' id='word_1_183' title='bbox 924 1310 954 1349; x_wconf 94' lang='lat' dir='ltr'>il</span> <span class='ocrx_word' id='word_1_184' title='bbox 974 1322 1027 1350; x_wconf 89' lang='lat' dir='ltr'>ne</span> <span class='ocrx_word' id='word_1_185' title='bbox 1064 1310 1143 1349; x_wconf 85' lang='grc'>5811</span> <span class='ocrx_word' id='word_1_186' title='bbox 1179 1322 1253 1362; x_wconf 86' lang='lat' dir='ltr'>pas</span> <span class='ocrx_word' id='word_1_187' title='bbox 1291 1321 1390 1349; x_wconf 87' lang='lat' dir='ltr'>avec</span> <span class='ocrx_word' id='word_1_188' title='bbox 1422 1308 1627 1349; x_wconf 76' lang='lat' dir='ltr'>certitudo</span> 
     </span>
     <span class='ocr_line' id='line_1_19' title="bbox 55 1372 1628 1428; baseline -0.001 -14"><span class='ocrx_word' id='word_1_189' title='bbox 55 1375 119 1415; x_wconf 92' lang='lat' dir='ltr'>s’il</span> <span class='ocrx_word' id='word_1_190' title='bbox 139 1376 265 1428; x_wconf 80' lang='lat' dir='ltr'>s’egit</span> <span class='ocrx_word' id='word_1_191' title='bbox 285 1377 383 1416; x_wconf 89' lang='lat' dir='ltr'>d&#39;un</span> <span class='ocrx_word' id='word_1_192' title='bbox 404 1376 468 1416; x_wconf 86' lang='lat' dir='ltr'>fils</span> <span class='ocrx_word' id='word_1_193' title='bbox 487 1376 652 1415; x_wconf 86' lang='grc'>8818181</span> <span class='ocrx_word' id='word_1_194' title='bbox 673 1387 726 1414; x_wconf 91' lang='lat' dir='ltr'>ou</span> <span class='ocrx_word' id='word_1_195' title='bbox 747 1375 846 1414; x_wconf 89' lang='lat' dir='ltr'>d&#39;un</span> <span class='ocrx_word' id='word_1_196' title='bbox 879 1375 945 1414; x_wconf 92' lang='lat' dir='ltr'>fils</span> <span class='ocrx_word' id='word_1_197' title='bbox 976 1374 1154 1427; x_wconf 85' lang='lat' dir='ltr'>adoptif.</span> <span class='ocrx_word' id='word_1_198' title='bbox 1188 1374 1319 1425; x_wconf 86' lang='lat' dir='ltr'>Ainsi‚</span> <span class='ocrx_word' id='word_1_199' title='bbox 1342 1374 1379 1414; x_wconf 91' lang='lat' dir='ltr'>le</span> <span class='ocrx_word' id='word_1_200' title='bbox 1407 1373 1536 1425; x_wconf 75' lang='lat' dir='ltr'>jenne</span> <span class='ocrx_word' id='word_1_201' title='bbox 1574 1372 1628 1413; x_wconf 87' lang='lat' dir='ltr'>de</span> 
     </span>
     <span class='ocr_line' id='line_1_20' title="bbox 55 1438 1626 1494; baseline -0.002 -14"><span class='ocrx_word' id='word_1_202' title='bbox 55 1445 261 1494; x_wconf 85' lang='lat' dir='ltr'>quarante</span> <span class='ocrx_word' id='word_1_203' title='bbox 277 1441 397 1493; x_wconf 90' lang='lat' dir='ltr'>jours</span> <span class='ocrx_word' id='word_1_204' title='bbox 415 1441 552 1492; x_wconf 83' lang='lat' dir='ltr'>parait</span> <span class='ocrx_word' id='word_1_205' title='bbox 570 1440 795 1480; x_wconf 85' lang='lat' dir='ltr'>confirmer</span> <span class='ocrx_word' id='word_1_206' title='bbox 821 1452 866 1480; x_wconf 84' lang='lat' dir='ltr'>sa</span> <span class='ocrx_word' id='word_1_207' title='bbox 884 1440 1092 1492; x_wconf 76' lang='lat' dir='ltr'>premiere</span> <span class='ocrx_word' id='word_1_208' title='bbox 1131 1439 1329 1491; x_wconf 90' lang='lat' dir='ltr'>opinion;</span> <span class='ocrx_word' id='word_1_209' title='bbox 1366 1438 1486 1488; x_wconf 81' lang='lat' dir='ltr'>mais,</span> <span class='ocrx_word' id='word_1_210' title='bbox 1520 1439 1626 1478; x_wconf 88' lang='lat' dir='ltr'>lors-</span> 
     </span>
     <span class='ocr_line' id='line_1_21' title="bbox 55 1503 1628 1559; baseline -0.002 -14"><span class='ocrx_word' id='word_1_211' title='bbox 55 1506 158 1559; x_wconf 85' lang='lat' dir='ltr'>qu’il</span> <span class='ocrx_word' id='word_1_212' title='bbox 176 1506 264 1545; x_wconf 89' lang='lat' dir='ltr'>voit</span> <span class='ocrx_word' id='word_1_213' title='bbox 283 1506 322 1545; x_wconf 91' lang='lat' dir='ltr'>le</span> <span class='ocrx_word' id='word_1_214' title='bbox 342 1506 479 1545; x_wconf 86' lang='lat' dir='ltr'>Christ</span> <span class='ocrx_word' id='word_1_215' title='bbox 498 1506 667 1545; x_wconf 83' lang='lat' dir='ltr'>soufl&#39;rir</span> <span class='ocrx_word' id='word_1_216' title='bbox 687 1506 746 1544; x_wconf 89' lang='lat' dir='ltr'>les</span> <span class='ocrx_word' id='word_1_217' title='bbox 767 1510 1004 1545; x_wconf 87' lang='lat' dir='ltr'>tourments</span> <span class='ocrx_word' id='word_1_218' title='bbox 1024 1505 1074 1544; x_wconf 87' lang='lat' dir='ltr'>de</span> <span class='ocrx_word' id='word_1_219' title='bbox 1107 1504 1147 1543; x_wconf 88' lang='grc'>18</span> <span class='ocrx_word' id='word_1_220' title='bbox 1181 1505 1299 1554; x_wconf 88' lang='lat' dir='ltr'>faim,</span> <span class='ocrx_word' id='word_1_221' title='bbox 1322 1503 1352 1542; x_wconf 91' lang='lat' dir='ltr'>il</span> <span class='ocrx_word' id='word_1_222' title='bbox 1384 1515 1628 1555; x_wconf 73' lang='lat' dir='ltr'>soupconne</span> 
     </span>
     <span class='ocr_line' id='line_1_22' title="bbox 55 1567 1628 1623; baseline -0.002 -12"><span class='ocrx_word' id='word_1_223' title='bbox 55 1571 150 1622; x_wconf 76' lang='lat' dir='ltr'>deja</span> <span class='ocrx_word' id='word_1_224' title='bbox 169 1570 271 1623; x_wconf 90' lang='lat' dir='ltr'>qu&#39;il</span> <span class='ocrx_word' id='word_1_225' title='bbox 291 1570 396 1610; x_wconf 90' lang='lat' dir='ltr'>n&#39;est</span> <span class='ocrx_word' id='word_1_226' title='bbox 415 1572 639 1622; x_wconf 88' lang='lat' dir='ltr'>purement</span> <span class='ocrx_word' id='word_1_227' title='bbox 660 1570 790 1622; x_wconf 88' lang='lat' dir='ltr'>qu’un</span> <span class='ocrx_word' id='word_1_228' title='bbox 813 1570 999 1609; x_wconf 91' lang='lat' dir='ltr'>homme.</span> <span class='ocrx_word' id='word_1_229' title='bbox 1022 1571 1085 1609; x_wconf 87' lang='lat' dir='ltr'>En</span> <span class='ocrx_word' id='word_1_230' title='bbox 1106 1569 1220 1618; x_wconf 83' lang='lat' dir='ltr'>effet,</span> <span class='ocrx_word' id='word_1_231' title='bbox 1242 1569 1277 1607; x_wconf 87' lang='lat' dir='ltr'>si</span> <span class='ocrx_word' id='word_1_232' title='bbox 1309 1567 1348 1608; x_wconf 93' lang='lat' dir='ltr'>le</span> <span class='ocrx_word' id='word_1_233' title='bbox 1382 1568 1572 1608; x_wconf 87' lang='lat' dir='ltr'>Sauveur</span> <span class='ocrx_word' id='word_1_234' title='bbox 1603 1580 1628 1608; x_wconf 87' lang='grc'>8</span> 
     </span>
     <span class='ocr_line' id='line_1_23' title="bbox 53 1632 1628 1687; baseline -0.003 -12"><span class='ocrx_word' id='word_1_235' title='bbox 53 1635 181 1677; x_wconf 90' lang='lat' dir='ltr'>voulu</span> <span class='ocrx_word' id='word_1_236' title='bbox 202 1635 320 1675; x_wconf 81' lang='lat' dir='ltr'>avoir</span> <span class='ocrx_word' id='word_1_237' title='bbox 340 1635 434 1684; x_wconf 89' lang='lat' dir='ltr'>soif,</span> <span class='ocrx_word' id='word_1_238' title='bbox 457 1635 518 1674; x_wconf 84' lang='lat' dir='ltr'>s&#39;il</span> <span class='ocrx_word' id='word_1_239' title='bbox 539 1647 565 1674; x_wconf 88' lang='grc'>8</span> <span class='ocrx_word' id='word_1_240' title='bbox 582 1636 711 1675; x_wconf 87' lang='lat' dir='ltr'>voulu</span> <span class='ocrx_word' id='word_1_241' title='bbox 732 1637 954 1687; x_wconf 87' lang='lat' dir='ltr'>supporter</span> <span class='ocrx_word' id='word_1_242' title='bbox 986 1634 1025 1674; x_wconf 91' lang='grc'>18</span> <span class='ocrx_word' id='word_1_243' title='bbox 1054 1634 1210 1685; x_wconf 72' lang='lat' dir='ltr'>mepris</span> <span class='ocrx_word' id='word_1_244' title='bbox 1241 1636 1283 1672; x_wconf 90' lang='lat' dir='ltr'>et</span> <span class='ocrx_word' id='word_1_245' title='bbox 1315 1632 1373 1672; x_wconf 91' lang='lat' dir='ltr'>les</span> <span class='ocrx_word' id='word_1_246' title='bbox 1404 1632 1628 1672; x_wconf 81' lang='lat' dir='ltr'>infirmites</span> 
     </span>
     <span class='ocr_line' id='line_1_24' title="bbox 54 1698 1627 1752; baseline -0.003 -11"><span class='ocrx_word' id='word_1_247' title='bbox 54 1700 104 1742; x_wconf 91' lang='lat' dir='ltr'>de</span> <span class='ocrx_word' id='word_1_248' title='bbox 124 1706 244 1740; x_wconf 88' lang='lat' dir='ltr'>notre</span> <span class='ocrx_word' id='word_1_249' title='bbox 264 1703 430 1751; x_wconf 80' lang='lat' dir='ltr'>nature,</span> <span class='ocrx_word' id='word_1_250' title='bbox 452 1700 590 1740; x_wconf 78' lang='lat' dir='ltr'>c’etait</span> <span class='ocrx_word' id='word_1_251' title='bbox 616 1712 723 1752; x_wconf 93' lang='lat' dir='ltr'>pour</span> <span class='ocrx_word' id='word_1_252' title='bbox 760 1701 909 1740; x_wconf 87' lang='lat' dir='ltr'>cacher</span> <span class='ocrx_word' id='word_1_253' title='bbox 949 1712 994 1739; x_wconf 90' lang='grc'>58</span> <span class='ocrx_word' id='word_1_254' title='bbox 1031 1699 1223 1747; x_wconf 80' lang='lat' dir='ltr'>divinite,</span> <span class='ocrx_word' id='word_1_255' title='bbox 1247 1698 1333 1738; x_wconf 82' lang='lat' dir='ltr'>afin</span> <span class='ocrx_word' id='word_1_256' title='bbox 1373 1698 1424 1738; x_wconf 92' lang='lat' dir='ltr'>de</span> <span class='ocrx_word' id='word_1_257' title='bbox 1461 1709 1515 1738; x_wconf 89' lang='lat' dir='ltr'>ne</span> <span class='ocrx_word' id='word_1_258' title='bbox 1552 1710 1627 1750; x_wconf 83' lang='lat' dir='ltr'>pas</span> 
     </span>
     <span class='ocr_line' id='line_1_25' title="bbox 52 1762 1628 1816; baseline -0.003 -10"><span class='ocrx_word' id='word_1_259' title='bbox 52 1768 204 1806; x_wconf 87' lang='lat' dir='ltr'>mettre</span> <span class='ocrx_word' id='word_1_260' title='bbox 225 1765 406 1805; x_wconf 83' lang='lat' dir='ltr'>obstacle</span> <span class='ocrx_word' id='word_1_261' title='bbox 426 1778 510 1805; x_wconf 83' lang='lat' dir='ltr'>aux</span> <span class='ocrx_word' id='word_1_262' title='bbox 528 1766 651 1805; x_wconf 83' lang='lat' dir='ltr'>fruits</span> <span class='ocrx_word' id='word_1_263' title='bbox 671 1766 723 1806; x_wconf 92' lang='lat' dir='ltr'>de</span> <span class='ocrx_word' id='word_1_264' title='bbox 743 1778 789 1805; x_wconf 85' lang='lat' dir='ltr'>sa</span> <span class='ocrx_word' id='word_1_265' title='bbox 814 1765 1002 1805; x_wconf 74' lang='lat' dir='ltr'>Pession.</span> <span class='ocrx_word' id='word_1_266' title='bbox 1043 1765 1122 1806; x_wconf 83' lang='lat' dir='ltr'>Car</span> <span class='ocrx_word' id='word_1_267' title='bbox 1159 1764 1256 1804; x_wconf 91' lang='lat' dir='ltr'>bien</span> <span class='ocrx_word' id='word_1_268' title='bbox 1294 1762 1529 1816; x_wconf 86' lang='lat' dir='ltr'>qu&#39;ensuitc</span> <span class='ocrx_word' id='word_1_269' title='bbox 1567 1763 1628 1802; x_wconf 89' lang='lat' dir='ltr'>les</span> 
     </span>
     <span class='ocr_line' id='line_1_26' title="bbox 54 1826 1627 1882; baseline -0.001 -12"><span class='ocrx_word' id='word_1_270' title='bbox 54 1830 229 1871; x_wconf 83' lang='grc'>(1818085</span> <span class='ocrx_word' id='word_1_271' title='bbox 255 1843 298 1870; x_wconf 89' lang='grc'>58</span> <span class='ocrx_word' id='word_1_272' title='bbox 318 1830 477 1870; x_wconf 87' lang='lat' dir='ltr'>fussent</span> <span class='ocrx_word' id='word_1_273' title='bbox 507 1830 636 1870; x_wconf 80' lang='grc'>881185</span> <span class='ocrx_word' id='word_1_274' title='bbox 669 1830 792 1882; x_wconf 89' lang='lat' dir='ltr'>qu’ils</span> <span class='ocrx_word' id='word_1_275' title='bbox 825 1830 1013 1870; x_wconf 84' lang='lat' dir='ltr'>savaient</span> <span class='ocrx_word' id='word_1_276' title='bbox 1044 1829 1148 1881; x_wconf 89' lang='lat' dir='ltr'>qu&#39;il</span> <span class='ocrx_word' id='word_1_277' title='bbox 1183 1828 1289 1869; x_wconf 86' lang='grc'>81811</span> <span class='ocrx_word' id='word_1_278' title='bbox 1324 1828 1548 1868; x_wconf 79' lang='lat' dir='ltr'>lui-meme</span> <span class='ocrx_word' id='word_1_279' title='bbox 1587 1826 1627 1868; x_wconf 87' lang='lat' dir='ltr'>le</span> 
     </span>
     <span class='ocr_line' id='line_1_27' title="bbox 54 1890 1626 1947; baseline -0.003 -12"><span class='ocrx_word' id='word_1_280' title='bbox 54 1896 138 1936; x_wconf 84' lang='lat' dir='ltr'>Fils</span> <span class='ocrx_word' id='word_1_281' title='bbox 158 1896 208 1935; x_wconf 91' lang='lat' dir='ltr'>de</span> <span class='ocrx_word' id='word_1_282' title='bbox 234 1895 355 1944; x_wconf 87' lang='lat' dir='ltr'>Dieu,</span> <span class='ocrx_word' id='word_1_283' title='bbox 378 1895 613 1947; x_wconf 87' lang='lat' dir='ltr'>cependant</span> <span class='ocrx_word' id='word_1_284' title='bbox 632 1895 682 1934; x_wconf 91' lang='lat' dir='ltr'>ils</span> <span class='ocrx_word' id='word_1_285' title='bbox 703 1906 755 1934; x_wconf 89' lang='grc'>88</span> <span class='ocrx_word' id='word_1_286' title='bbox 784 1894 1072 1934; x_wconf 85' lang='lat' dir='ltr'>l’affirmaient</span> <span class='ocrx_word' id='word_1_287' title='bbox 1104 1906 1178 1946; x_wconf 83' lang='lat' dir='ltr'>pas</span> <span class='ocrx_word' id='word_1_288' title='bbox 1209 1905 1309 1932; x_wconf 86' lang='lat' dir='ltr'>avec</span> <span class='ocrx_word' id='word_1_289' title='bbox 1346 1892 1550 1932; x_wconf 84' lang='lat' dir='ltr'>certitude</span> <span class='ocrx_word' id='word_1_290' title='bbox 1586 1890 1626 1945; x_wconf 76' lang='lat' dir='ltr'>(a</span> 
     </span>
     <span class='ocr_line' id='line_1_28' title="bbox 54 1956 1625 2013; baseline -0.001 -13"><span class='ocrx_word' id='word_1_291' title='bbox 54 1972 177 2001; x_wconf 83' lang='lat' dir='ltr'>cause</span> <span class='ocrx_word' id='word_1_292' title='bbox 198 1960 249 2001; x_wconf 90' lang='lat' dir='ltr'>de</span> <span class='ocrx_word' id='word_1_293' title='bbox 268 1961 310 2000; x_wconf 90' lang='grc'>18</span> <span class='ocrx_word' id='word_1_294' title='bbox 328 1961 548 2013; x_wconf 87' lang='lat' dir='ltr'>puissance</span> <span class='ocrx_word' id='word_1_295' title='bbox 569 1972 649 2013; x_wconf 91' lang='lat' dir='ltr'>que</span> <span class='ocrx_word' id='word_1_296' title='bbox 668 1960 950 2002; x_wconf 82' lang='lat' dir='ltr'>Jesus-Christ</span> <span class='ocrx_word' id='word_1_297' title='bbox 970 1959 1152 2010; x_wconf 73' lang='lat' dir='ltr'>exerqait</span> <span class='ocrx_word' id='word_1_298' title='bbox 1171 1970 1242 1998; x_wconf 89' lang='lat' dir='ltr'>sur</span> <span class='ocrx_word' id='word_1_299' title='bbox 1262 1958 1373 2010; x_wconf 79' lang='lat' dir='ltr'>eux),</span> <span class='ocrx_word' id='word_1_300' title='bbox 1391 1957 1497 1996; x_wconf 84' lang='lat' dir='ltr'>mais</span> <span class='ocrx_word' id='word_1_301' title='bbox 1515 1957 1566 1997; x_wconf 90' lang='lat' dir='ltr'>ils</span> <span class='ocrx_word' id='word_1_302' title='bbox 1585 1956 1625 1998; x_wconf 89' lang='grc'>18</span> 
     </span>
    </p>
   </div>
   <div class='ocr_carea' id='block_1_3' title="bbox 56 2135 821 2512">
    <p class='ocr_par' dir='ltr' id='par_1_4' title="bbox 56 2135 820 2411">
     <span class='ocr_line' id='line_1_29' title="bbox 56 2135 817 2183; baseline -0.003 -10"><span class='ocrx_word' id='word_1_303' title='bbox 56 2137 156 2173; x_wconf 90' lang='lat' dir='ltr'>Deus</span> <span class='ocrx_word' id='word_1_304' title='bbox 185 2146 253 2183; x_wconf 86' lang='lat' dir='ltr'>pro</span> <span class='ocrx_word' id='word_1_305' title='bbox 291 2146 357 2172; x_wconf 91' lang='lat' dir='ltr'>sua</span> <span class='ocrx_word' id='word_1_306' title='bbox 395 2136 528 2172; x_wconf 83' lang='lat' dir='ltr'>fraenat</span> <span class='ocrx_word' id='word_1_307' title='bbox 566 2135 817 2182; x_wconf 85' lang='lat' dir='ltr'>providentia.</span> 
     </span>
     <span class='ocr_line' id='line_1_30' title="bbox 56 2183 817 2229; baseline -0.004 -7"><span class='ocrx_word' id='word_1_308' title='bbox 56 2184 163 2222; x_wconf 86' lang='lat' dir='ltr'>Unde</span> <span class='ocrx_word' id='word_1_309' title='bbox 194 2184 426 2229; x_wconf 82' lang='lat' dir='ltr'>Augustinus</span> <span class='ocrx_word' id='word_1_310' title='bbox 461 2183 527 2219; x_wconf 89' lang='lat' dir='ltr'>lib.</span> <span class='ocrx_word' id='word_1_311' title='bbox 553 2183 611 2219; x_wconf 86' lang='lat' dir='ltr'>lX.</span> <span class='ocrx_word' id='word_1_312' title='bbox 634 2183 679 2219; x_wconf 88' lang='lat' dir='ltr'>de</span> <span class='ocrx_word' id='word_1_313' title='bbox 711 2183 817 2219; x_wconf 91' lang='lat' dir='ltr'>Civit.</span> 
     </span>
     <span class='ocr_line' id='line_1_31' title="bbox 57 2230 820 2278; baseline -0.004 -9"><span class='ocrx_word' id='word_1_314' title='bbox 57 2242 139 2278; x_wconf 83' lang='lat' dir='ltr'>cap.</span> <span class='ocrx_word' id='word_1_315' title='bbox 160 2230 200 2267; x_wconf 79' lang='grc'>21</span> <span class='ocrx_word' id='word_1_316' title='bbox 230 2242 268 2267; x_wconf 85' lang='grc'>;«</span> <span class='ocrx_word' id='word_1_317' title='bbox 288 2232 452 2267; x_wconf 84' lang='grc' dir='ltr'>Τ881818</span> <span class='ocrx_word' id='word_1_318' title='bbox 477 2231 647 2266; x_wconf 82' lang='lat' dir='ltr'>Christus</span> <span class='ocrx_word' id='word_1_319' title='bbox 675 2230 820 2267; x_wconf 64' lang='grc'>(1831110-</span> 
     </span>
     <span class='ocr_line' id='line_1_32' title="bbox 56 2278 820 2325; baseline -0.003 -9"><span class='ocrx_word' id='word_1_320' title='bbox 56 2279 172 2317; x_wconf 87' lang='lat' dir='ltr'>nibus</span> <span class='ocrx_word' id='word_1_321' title='bbox 192 2278 372 2322; x_wconf 90' lang='lat' dir='ltr'>innotuit,</span> <span class='ocrx_word' id='word_1_322' title='bbox 389 2282 573 2325; x_wconf 87' lang='lat' dir='ltr'>quantum</span> <span class='ocrx_word' id='word_1_323' title='bbox 587 2278 724 2322; x_wconf 87' lang='lat' dir='ltr'>voluit;</span> <span class='ocrx_word' id='word_1_324' title='bbox 742 2283 820 2314; x_wconf 84' lang='lat' dir='ltr'>tan-</span> 
     </span>
     <span class='ocr_line' id='line_1_33' title="bbox 56 2326 819 2372; baseline -0.001 -9"><span class='ocrx_word' id='word_1_325' title='bbox 56 2330 140 2364; x_wconf 82' lang='lat' dir='ltr'>tum</span> <span class='ocrx_word' id='word_1_326' title='bbox 176 2331 302 2363; x_wconf 88' lang='lat' dir='ltr'>autem</span> <span class='ocrx_word' id='word_1_327' title='bbox 335 2326 467 2370; x_wconf 91' lang='lat' dir='ltr'>voluit,</span> <span class='ocrx_word' id='word_1_328' title='bbox 489 2331 673 2372; x_wconf 83' lang='lat' dir='ltr'>quantum</span> <span class='ocrx_word' id='word_1_329' title='bbox 705 2336 819 2372; x_wconf 81' lang='lat' dir='ltr'>opor—</span> 
     </span>
     <span class='ocr_line' id='line_1_34' title="bbox 57 2373 165 2411; baseline 0 -1"><span class='ocrx_word' id='word_1_330' title='bbox 57 2373 130 2411; x_wconf 80' lang='lat' dir='ltr'>tuit</span> <span class='ocrx_word' id='word_1_331' title='bbox 152 2387 165 2405; x_wconf 72' lang='grc' dir='ltr'><strong>υ</strong></span> 
     </span>
    </p>

    <p class='ocr_par' dir='ltr' id='par_1_5' title="bbox 60 2419 821 2512">
     <span class='ocr_line' id='line_1_35' title="bbox 104 2419 821 2466; baseline -0.004 -8"><span class='ocrx_word' id='word_1_332' title='bbox 104 2420 207 2458; x_wconf 81' lang='lat' dir='ltr'>Adde</span> <span class='ocrx_word' id='word_1_333' title='bbox 236 2420 334 2466; x_wconf 85' lang='lat' dir='ltr'>quod</span> <span class='ocrx_word' id='word_1_334' title='bbox 368 2430 446 2456; x_wconf 93' lang='lat' dir='ltr'>non</span> <span class='ocrx_word' id='word_1_335' title='bbox 486 2419 724 2457; x_wconf 82' lang='lat' dir='ltr'>obstantibus</span> <span class='ocrx_word' id='word_1_336' title='bbox 761 2420 821 2456; x_wconf 90' lang='lat' dir='ltr'>bis</span> 
     </span>
     <span class='ocr_line' id='line_1_36' title="bbox 60 2467 819 2512; baseline -0.004 -6"><span class='ocrx_word' id='word_1_337' title='bbox 60 2469 300 2511; x_wconf 81' lang='lat' dir='ltr'>testimoniis,</span> <span class='ocrx_word' id='word_1_338' title='bbox 321 2478 341 2504; x_wconf 90' lang='grc'>8</span> <span class='ocrx_word' id='word_1_339' title='bbox 361 2468 457 2504; x_wconf 84' lang='grc'>88810</span> <span class='ocrx_word' id='word_1_340' title='bbox 478 2472 513 2504; x_wconf 88' lang='lat' dir='ltr'>et</span> <span class='ocrx_word' id='word_1_341' title='bbox 534 2472 645 2512; x_wconf 84' lang='lat' dir='ltr'>terra,</span> <span class='ocrx_word' id='word_1_342' title='bbox 663 2467 711 2504; x_wconf 83' lang='lat' dir='ltr'>ab</span> <span class='ocrx_word' id='word_1_343' title='bbox 742 2468 819 2503; x_wconf 88' lang='lat' dir='ltr'>An·</span> 
     </span>
    </p>
   </div>
   <div class='ocr_carea' id='block_1_4' title="bbox 0 2515 820 2564">
    <p class='ocr_par' dir='ltr' id='par_1_6' title="bbox 0 2515 820 2564">
     <span class='ocr_line' id='line_1_37' title="bbox 0 2515 820 2564; baseline -0.002 -11"><span class='ocrx_word' id='word_1_344' title='bbox 0 2552 5 2561; x_wconf 81' lang='grc'>,</span> <span class='ocrx_word' id='word_1_345' title='bbox 59 2517 152 2564; x_wconf 84' lang='lat' dir='ltr'>gelis</span> <span class='ocrx_word' id='word_1_346' title='bbox 171 2519 207 2552; x_wconf 89' lang='lat' dir='ltr'>et</span> <span class='ocrx_word' id='word_1_347' title='bbox 243 2515 475 2559; x_wconf 87' lang='lat' dir='ltr'>hominibus,</span> <span class='ocrx_word' id='word_1_348' title='bbox 498 2526 647 2562; x_wconf 81' lang='lat' dir='ltr'>semper</span> <span class='ocrx_word' id='word_1_349' title='bbox 678 2515 820 2562; x_wconf 86' lang='lat' dir='ltr'>aliquid</span> 
     </span>
    </p>
   </div>
   <div class='ocr_carea' id='block_1_5' title="bbox 55 2563 823 3038">
    <p class='ocr_par' dir='ltr' id='par_1_7' title="bbox 55 2563 823 3038">
     <span class='ocr_line' id='line_1_38' title="bbox 59 2563 822 2611; baseline -0.001 -11"><span class='ocrx_word' id='word_1_350' title='bbox 59 2563 140 2611; x_wconf 88' lang='lat' dir='ltr'>ejus</span> <span class='ocrx_word' id='word_1_351' title='bbox 176 2563 388 2600; x_wconf 89' lang='lat' dir='ltr'>intellectui</span> <span class='ocrx_word' id='word_1_352' title='bbox 438 2564 671 2609; x_wconf 87' lang='lat' dir='ltr'>propositum</span> <span class='ocrx_word' id='word_1_353' title='bbox 709 2563 822 2599; x_wconf 83' lang='lat' dir='ltr'>fuerit</span> 
     </span>
     <span class='ocr_line' id='line_1_39' title="bbox 55 2610 822 2657; baseline -0.001 -9"><span class='ocrx_word' id='word_1_354' title='bbox 55 2610 288 2649; x_wconf 76' lang='lat' dir='ltr'>dubietatem</span> <span class='ocrx_word' id='word_1_355' title='bbox 308 2610 481 2647; x_wconf 77' lang='lat' dir='ltr'>afferens,</span> <span class='ocrx_word' id='word_1_356' title='bbox 501 2611 595 2648; x_wconf 86' lang='lat' dir='ltr'>Nam</span> <span class='ocrx_word' id='word_1_357' title='bbox 615 2611 703 2647; x_wconf 85' lang='lat' dir='ltr'>vilia</span> <span class='ocrx_word' id='word_1_358' title='bbox 722 2621 822 2657; x_wconf 83' lang='lat' dir='ltr'>quae·</span> 
     </span>
     <span class='ocr_line' id='line_1_40' title="bbox 60 2657 817 2705; baseline -0.001 -10"><span class='ocrx_word' id='word_1_359' title='bbox 60 2657 148 2695; x_wconf 87' lang='lat' dir='ltr'>dam</span> <span class='ocrx_word' id='word_1_360' title='bbox 178 2663 215 2695; x_wconf 91' lang='lat' dir='ltr'>et</span> <span class='ocrx_word' id='word_1_361' title='bbox 245 2658 404 2704; x_wconf 80' lang='lat' dir='ltr'>indigna</span> <span class='ocrx_word' id='word_1_362' title='bbox 442 2658 517 2694; x_wconf 89' lang='lat' dir='ltr'>Deo</span> <span class='ocrx_word' id='word_1_363' title='bbox 556 2657 817 2705; x_wconf 82' lang='lat' dir='ltr'>perspiciebat,</span> 
     </span>
     <span class='ocr_line' id='line_1_41' title="bbox 62 2705 821 2759; baseline 0 -17"><span class='ocrx_word' id='word_1_364' title='bbox 62 2715 145 2759; x_wconf 80' lang='lat' dir='ltr'>quae</span> <span class='ocrx_word' id='word_1_365' title='bbox 163 2705 379 2742; x_wconf 82' lang='lat' dir='ltr'>obcaecante</span> <span class='ocrx_word' id='word_1_366' title='bbox 398 2705 572 2752; x_wconf 88' lang='lat' dir='ltr'>superbia</span> <span class='ocrx_word' id='word_1_367' title='bbox 603 2716 691 2742; x_wconf 89' lang='lat' dir='ltr'>cum</span> <span class='ocrx_word' id='word_1_368' title='bbox 722 2706 821 2742; x_wconf 87' lang='lat' dir='ltr'>divi-</span> 
     </span>
     <span class='ocr_line' id='line_1_42' title="bbox 61 2753 821 2800; baseline 0.003 -12"><span class='ocrx_word' id='word_1_369' title='bbox 61 2756 179 2789; x_wconf 82' lang='lat' dir='ltr'>mtate</span> <span class='ocrx_word' id='word_1_370' title='bbox 213 2763 323 2799; x_wconf 88' lang='lat' dir='ltr'>posse</span> <span class='ocrx_word' id='word_1_371' title='bbox 362 2753 542 2799; x_wconf 85' lang='lat' dir='ltr'>conjungi</span> <span class='ocrx_word' id='word_1_372' title='bbox 580 2753 643 2790; x_wconf 85' lang='lat' dir='ltr'>vix</span> <span class='ocrx_word' id='word_1_373' title='bbox 674 2754 821 2800; x_wconf 88' lang='lat' dir='ltr'>opinari</span> 
     </span>
     <span class='ocr_line' id='line_1_43' title="bbox 62 2800 818 2847; baseline 0.001 -11"><span class='ocrx_word' id='word_1_374' title='bbox 62 2803 218 2846; x_wconf 88' lang='lat' dir='ltr'>poterat.</span> <span class='ocrx_word' id='word_1_375' title='bbox 232 2800 337 2837; x_wconf 87' lang='lat' dir='ltr'>Unde</span> <span class='ocrx_word' id='word_1_376' title='bbox 350 2805 502 2837; x_wconf 85' lang='lat' dir='ltr'>sauctus</span> <span class='ocrx_word' id='word_1_377' title='bbox 517 2802 699 2847; x_wconf 80' lang='lat' dir='ltr'>Ignatius‚</span> <span class='ocrx_word' id='word_1_378' title='bbox 711 2810 771 2847; x_wconf 87' lang='lat' dir='ltr'>ep.</span> <span class='ocrx_word' id='word_1_379' title='bbox 783 2802 818 2837; x_wconf 93' lang='lat'>8.</span> 
     </span>
     <span class='ocr_line' id='line_1_44' title="bbox 63 2846 818 2895; baseline 0.003 -13"><span class='ocrx_word' id='word_1_380' title='bbox 63 2846 110 2883; x_wconf 85' lang='lat' dir='ltr'>ad</span> <span class='ocrx_word' id='word_1_381' title='bbox 124 2846 397 2894; x_wconf 85' lang='lat' dir='ltr'>Philippenses,</span> <span class='ocrx_word' id='word_1_382' title='bbox 414 2848 469 2885; x_wconf 89' lang='lat' dir='ltr'>sic</span> <span class='ocrx_word' id='word_1_383' title='bbox 482 2858 569 2885; x_wconf 88' lang='lat' dir='ltr'>eum</span> <span class='ocrx_word' id='word_1_384' title='bbox 589 2848 794 2895; x_wconf 86' lang='lat' dir='ltr'>alloquitur</span> <span class='ocrx_word' id='word_1_385' title='bbox 811 2859 818 2884; x_wconf 92' lang='lat'>:</span> 
     </span>
     <span class='ocr_line' id='line_1_45' title="bbox 68 2893 822 2942; baseline 0.007 -14"><span class='ocrx_word' id='word_1_386' title='bbox 68 2908 82 2926; x_wconf 85' lang='lat'>«</span> <span class='ocrx_word' id='word_1_387' title='bbox 106 2893 173 2939; x_wconf 84' lang='lat' dir='ltr'>Te,</span> <span class='ocrx_word' id='word_1_388' title='bbox 187 2903 209 2930; x_wconf 92' lang='lat' dir='ltr'>o</span> <span class='ocrx_word' id='word_1_389' title='bbox 228 2893 392 2940; x_wconf 84' lang='lat' dir='ltr'>daemon,</span> <span class='ocrx_word' id='word_1_390' title='bbox 407 2896 637 2942; x_wconf 82' lang='lat' dir='ltr'>Angelorum</span> <span class='ocrx_word' id='word_1_391' title='bbox 657 2896 822 2933; x_wconf 85' lang='lat' dir='ltr'>laudatio</span> 
     </span>
     <span class='ocr_line' id='line_1_46' title="bbox 64 2940 821 2997; baseline 0.003 -19"><span class='ocrx_word' id='word_1_392' title='bbox 64 2940 394 2988; x_wconf 82' lang='lat' dir='ltr'>obstupefaciebat‚</span> <span class='ocrx_word' id='word_1_393' title='bbox 418 2943 614 2997; x_wconf 81' lang='lat' dir='ltr'>Magorum</span> <span class='ocrx_word' id='word_1_394' title='bbox 639 2943 821 2988; x_wconf 85' lang='lat' dir='ltr'>adoratio,</span> 
     </span>
     <span class='ocr_line' id='line_1_47' title="bbox 65 2988 823 3038; baseline 0.003 -12"><span class='ocrx_word' id='word_1_395' title='bbox 65 2992 217 3026; x_wconf 84' lang='lat' dir='ltr'>exortus</span> <span class='ocrx_word' id='word_1_396' title='bbox 247 2988 377 3026; x_wconf 80' lang='lat' dir='ltr'>stellae.</span> <span class='ocrx_word' id='word_1_397' title='bbox 398 2989 453 3027; x_wconf 78' lang='lat' dir='ltr'>Ad</span> <span class='ocrx_word' id='word_1_398' title='bbox 482 2991 736 3038; x_wconf 78' lang='lat' dir='ltr'>ignorantiam</span> <span class='ocrx_word' id='word_1_399' title='bbox 761 2991 823 3028; x_wconf 84' lang='lat' dir='ltr'>de-</span> 
     </span>
    </p>
   </div>
   <div class='ocr_carea' id='block_1_6' title="bbox 858 2133 1627 3035">
    <p class='ocr_par' dir='ltr' id='par_1_8' title="bbox 858 2133 1627 3035">
     <span class='ocr_line' id='line_1_48' title="bbox 858 2133 1622 2179; baseline -0.005 -8"><span class='ocrx_word' id='word_1_400' title='bbox 858 2145 935 2171; x_wconf 91' lang='lat' dir='ltr'>nuo</span> <span class='ocrx_word' id='word_1_401' title='bbox 968 2134 1081 2179; x_wconf 88' lang='lat' dir='ltr'>redis,</span> <span class='ocrx_word' id='word_1_402' title='bbox 1104 2134 1151 2171; x_wconf 92' lang='lat' dir='ltr'>ob</span> <span class='ocrx_word' id='word_1_403' title='bbox 1185 2145 1228 2170; x_wconf 84' lang='lat' dir='ltr'>ea</span> <span class='ocrx_word' id='word_1_404' title='bbox 1248 2144 1332 2179; x_wconf 80' lang='lat' dir='ltr'>quae</span> <span class='ocrx_word' id='word_1_405' title='bbox 1363 2133 1488 2170; x_wconf 89' lang='lat' dir='ltr'>cernis</span> <span class='ocrx_word' id='word_1_406' title='bbox 1520 2133 1622 2168; x_wconf 84' lang='lat' dir='ltr'>vitia.</span> 
     </span>
     <span class='ocr_line' id='line_1_49' title="bbox 859 2179 1624 2225; baseline -0.004 -6"><span class='ocrx_word' id='word_1_407' title='bbox 859 2182 954 2220; x_wconf 82' lang='lat' dir='ltr'>Nam</span> <span class='ocrx_word' id='word_1_408' title='bbox 975 2182 1090 2218; x_wconf 81' lang='lat' dir='ltr'>exilia</span> <span class='ocrx_word' id='word_1_409' title='bbox 1111 2182 1177 2217; x_wconf 89' lang='lat' dir='ltr'>tibi</span> <span class='ocrx_word' id='word_1_410' title='bbox 1210 2181 1383 2217; x_wconf 74' lang='lat' dir='ltr'>videntur</span> <span class='ocrx_word' id='word_1_411' title='bbox 1418 2179 1624 2225; x_wconf 81' lang='lat' dir='ltr'>cunabula,</span> 
     </span>
     <span class='ocr_line' id='line_1_50' title="bbox 858 2228 1627 2275; baseline -0.004 -9"><span class='ocrx_word' id='word_1_412' title='bbox 858 2240 1051 2275; x_wconf 85' lang='lat' dir='ltr'>aerumnae,</span> <span class='ocrx_word' id='word_1_413' title='bbox 1074 2229 1328 2272; x_wconf 86' lang='lat' dir='ltr'>circumcisio,</span> <span class='ocrx_word' id='word_1_414' title='bbox 1352 2228 1515 2273; x_wconf 84' lang='lat' dir='ltr'>lactatio,</span> <span class='ocrx_word' id='word_1_415' title='bbox 1536 2228 1627 2274; x_wconf 81' lang='lat' dir='ltr'>suga.</span> 
     </span>
     <span class='ocr_line' id='line_1_51' title="bbox 859 2275 1624 2324; baseline -0.003 -10"><span class='ocrx_word' id='word_1_416' title='bbox 859 2278 898 2314; x_wconf 90' lang='lat' dir='ltr'>in</span> <span class='ocrx_word' id='word_1_417' title='bbox 919 2278 1132 2324; x_wconf 78' lang='lat' dir='ltr'>AEgyptum.</span> <span class='ocrx_word' id='word_1_418' title='bbox 1159 2277 1318 2321; x_wconf 82' lang='lat' dir='ltr'>Indigna</span> <span class='ocrx_word' id='word_1_419' title='bbox 1350 2275 1419 2311; x_wconf 88' lang='lat' dir='ltr'>tibi</span> <span class='ocrx_word' id='word_1_420' title='bbox 1446 2275 1525 2311; x_wconf 78' lang='lat' dir='ltr'>haec</span> <span class='ocrx_word' id='word_1_421' title='bbox 1549 2275 1624 2312; x_wconf 91' lang='lat' dir='ltr'>Deo</span> 
     </span>
     <span class='ocr_line' id='line_1_52' title="bbox 859 2322 1625 2368; baseline -0.004 -7"><span class='ocrx_word' id='word_1_422' title='bbox 859 2326 1045 2362; x_wconf 90' lang='lat' dir='ltr'>videntur.</span> <span class='ocrx_word' id='word_1_423' title='bbox 1070 2340 1084 2358; x_wconf 80' lang='lat'>»</span> <span class='ocrx_word' id='word_1_424' title='bbox 1121 2325 1181 2360; x_wconf 83' lang='lat' dir='ltr'>Sic</span> <span class='ocrx_word' id='word_1_425' title='bbox 1220 2324 1431 2359; x_wconf 79' lang='lat' dir='ltr'>declaratus</span> <span class='ocrx_word' id='word_1_426' title='bbox 1470 2322 1625 2368; x_wconf 86' lang='lat' dir='ltr'>quidem</span> 
     </span>
     <span class='ocr_line' id='line_1_53' title="bbox 859 2370 1624 2418; baseline -0.003 -10"><span class='ocrx_word' id='word_1_427' title='bbox 859 2373 969 2409; x_wconf 81' lang='lat' dir='ltr'>suita</span> <span class='ocrx_word' id='word_1_428' title='bbox 991 2373 1096 2408; x_wconf 81' lang='lat' dir='ltr'>Patre</span> <span class='ocrx_word' id='word_1_429' title='bbox 1122 2371 1274 2418; x_wconf 77' lang='lat' dir='ltr'>publica</span> <span class='ocrx_word' id='word_1_430' title='bbox 1304 2381 1396 2408; x_wconf 86' lang='lat' dir='ltr'>voce</span> <span class='ocrx_word' id='word_1_431' title='bbox 1430 2370 1531 2406; x_wconf 81' lang='lat' dir='ltr'>lilius</span> <span class='ocrx_word' id='word_1_432' title='bbox 1562 2370 1624 2406; x_wconf 82' lang='lat' dir='ltr'>di-</span> 
     </span>
     <span class='ocr_line' id='line_1_54' title="bbox 859 2417 1626 2465; baseline -0.003 -9"><span class='ocrx_word' id='word_1_433' title='bbox 859 2421 993 2464; x_wconf 84' lang='lat' dir='ltr'>lectus,</span> <span class='ocrx_word' id='word_1_434' title='bbox 1015 2425 1052 2456; x_wconf 86' lang='lat' dir='ltr'>et</span> <span class='ocrx_word' id='word_1_435' title='bbox 1072 2420 1108 2456; x_wconf 89' lang='lat' dir='ltr'>id</span> <span class='ocrx_word' id='word_1_436' title='bbox 1130 2420 1163 2455; x_wconf 89' lang='lat' dir='ltr'>ei</span> <span class='ocrx_word' id='word_1_437' title='bbox 1197 2419 1454 2464; x_wconf 83' lang='lat' dir='ltr'>suspicionem</span> <span class='ocrx_word' id='word_1_438' title='bbox 1487 2417 1626 2465; x_wconf 79' lang='lat' dir='ltr'>ingerit</span> 
     </span>
     <span class='ocr_line' id='line_1_55' title="bbox 859 2464 1626 2511; baseline -0.005 -7"><span class='ocrx_word' id='word_1_439' title='bbox 859 2467 1085 2511; x_wconf 89' lang='lat' dir='ltr'>divinitatis;</span> <span class='ocrx_word' id='word_1_440' title='bbox 1107 2468 1171 2503; x_wconf 84' lang='lat' dir='ltr'>sed</span> <span class='ocrx_word' id='word_1_441' title='bbox 1193 2467 1313 2502; x_wconf 69' lang='lat' dir='ltr'>nescit</span> <span class='ocrx_word' id='word_1_442' title='bbox 1333 2470 1433 2502; x_wconf 82' lang='lat' dir='ltr'>certo</span> <span class='ocrx_word' id='word_1_443' title='bbox 1453 2475 1502 2501; x_wconf 84' lang='lat' dir='ltr'>an</span> <span class='ocrx_word' id='word_1_444' title='bbox 1523 2464 1626 2501; x_wconf 86' lang='lat' dir='ltr'>tilius</span> 
     </span>
     <span class='ocr_line' id='line_1_56' title="bbox 858 2512 1626 2559; baseline -0.007 -7"><span class='ocrx_word' id='word_1_445' title='bbox 858 2515 1042 2552; x_wconf 76' lang='lat' dir='ltr'>naturalis</span> <span class='ocrx_word' id='word_1_446' title='bbox 1062 2516 1123 2559; x_wconf 88' lang='lat' dir='ltr'>sit,</span> <span class='ocrx_word' id='word_1_447' title='bbox 1145 2525 1195 2550; x_wconf 89' lang='lat' dir='ltr'>an</span> <span class='ocrx_word' id='word_1_448' title='bbox 1215 2514 1425 2559; x_wconf 82' lang='lat' dir='ltr'>adoptivus.</span> <span class='ocrx_word' id='word_1_449' title='bbox 1444 2513 1504 2548; x_wconf 91' lang='lat' dir='ltr'>Sic</span> <span class='ocrx_word' id='word_1_450' title='bbox 1521 2512 1626 2558; x_wconf 63' lang='grc'>3838-</span> 
     </span>
     <span class='ocr_line' id='line_1_57' title="bbox 859 2560 1625 2608; baseline -0.007 -8"><span class='ocrx_word' id='word_1_451' title='bbox 859 2563 967 2600; x_wconf 91' lang='lat' dir='ltr'>nium</span> <span class='ocrx_word' id='word_1_452' title='bbox 982 2564 1028 2599; x_wconf 66' lang='lat'>40</span> <span class='ocrx_word' id='word_1_453' title='bbox 1044 2563 1191 2598; x_wconf 86' lang='lat' dir='ltr'>dierum</span> <span class='ocrx_word' id='word_1_454' title='bbox 1219 2562 1380 2608; x_wconf 84' lang='lat' dir='ltr'>priorem</span> <span class='ocrx_word' id='word_1_455' title='bbox 1401 2560 1625 2606; x_wconf 89' lang='lat' dir='ltr'>opinionem</span> 
     </span>
     <span class='ocr_line' id='line_1_58' title="bbox 860 2607 1626 2651; baseline -0.005 -4"><span class='ocrx_word' id='word_1_456' title='bbox 860 2612 1010 2647; x_wconf 78' lang='lat' dir='ltr'>firmare</span> <span class='ocrx_word' id='word_1_457' title='bbox 1041 2610 1208 2651; x_wconf 85' lang='lat' dir='ltr'>videtur;</span> <span class='ocrx_word' id='word_1_458' title='bbox 1250 2609 1314 2644; x_wconf 91' lang='lat' dir='ltr'>sed</span> <span class='ocrx_word' id='word_1_459' title='bbox 1352 2609 1444 2644; x_wconf 84' lang='lat' dir='ltr'>dum</span> <span class='ocrx_word' id='word_1_460' title='bbox 1482 2607 1626 2644; x_wconf 82' lang='lat' dir='ltr'>esurire</span> 
     </span>
     <span class='ocr_line' id='line_1_59' title="bbox 859 2654 1625 2703; baseline -0.007 -8"><span class='ocrx_word' id='word_1_461' title='bbox 859 2659 995 2702; x_wconf 86' lang='lat' dir='ltr'>cernit,</span> <span class='ocrx_word' id='word_1_462' title='bbox 1009 2657 1087 2703; x_wconf 84' lang='lat' dir='ltr'>jam</span> <span class='ocrx_word' id='word_1_463' title='bbox 1108 2657 1318 2702; x_wconf 83' lang='lat' dir='ltr'>suspicatur</span> <span class='ocrx_word' id='word_1_464' title='bbox 1338 2666 1475 2702; x_wconf 89' lang='lat' dir='ltr'>purum</span> <span class='ocrx_word' id='word_1_465' title='bbox 1497 2654 1625 2691; x_wconf 88' lang='lat' dir='ltr'>bomi-</span> 
     </span>
     <span class='ocr_line' id='line_1_60' title="bbox 859 2702 1624 2750; baseline -0.007 -8"><span class='ocrx_word' id='word_1_466' title='bbox 859 2716 962 2742; x_wconf 89' lang='lat' dir='ltr'>nem.</span> <span class='ocrx_word' id='word_1_467' title='bbox 1003 2705 1148 2750; x_wconf 84' lang='lat' dir='ltr'>Nempe</span> <span class='ocrx_word' id='word_1_468' title='bbox 1185 2705 1269 2740; x_wconf 86' lang='lat' dir='ltr'>ideo</span> <span class='ocrx_word' id='word_1_469' title='bbox 1307 2703 1424 2739; x_wconf 89' lang='lat' dir='ltr'>voluit</span> <span class='ocrx_word' id='word_1_470' title='bbox 1467 2702 1624 2747; x_wconf 86' lang='lat' dir='ltr'>esurire,</span> 
     </span>
     <span class='ocr_line' id='line_1_61' title="bbox 861 2749 1627 2794; baseline -0.005 -4"><span class='ocrx_word' id='word_1_471' title='bbox 861 2754 976 2790; x_wconf 91' lang='lat' dir='ltr'>voluit</span> <span class='ocrx_word' id='word_1_472' title='bbox 997 2757 1033 2789; x_wconf 90' lang='lat' dir='ltr'>et</span> <span class='ocrx_word' id='word_1_473' title='bbox 1052 2751 1141 2788; x_wconf 85' lang='lat' dir='ltr'>vilia</span> <span class='ocrx_word' id='word_1_474' title='bbox 1160 2762 1203 2788; x_wconf 86' lang='lat' dir='ltr'>ac</span> <span class='ocrx_word' id='word_1_475' title='bbox 1238 2749 1390 2786; x_wconf 84' lang='lat' dir='ltr'>infirma</span> <span class='ocrx_word' id='word_1_476' title='bbox 1422 2749 1563 2794; x_wconf 87' lang='lat' dir='ltr'>subire,</span> <span class='ocrx_word' id='word_1_477' title='bbox 1585 2754 1627 2786; x_wconf 87' lang='lat' dir='ltr'>ut</span> 
     </span>
     <span class='ocr_line' id='line_1_62' title="bbox 860 2797 1627 2844; baseline -0.004 -7"><span class='ocrx_word' id='word_1_478' title='bbox 860 2801 987 2837; x_wconf 81' lang='lat' dir='ltr'>divina</span> <span class='ocrx_word' id='word_1_479' title='bbox 1007 2800 1160 2842; x_wconf 88' lang='lat' dir='ltr'>celaret,</span> <span class='ocrx_word' id='word_1_480' title='bbox 1181 2808 1229 2834; x_wconf 86' lang='lat' dir='ltr'>ne</span> <span class='ocrx_word' id='word_1_481' title='bbox 1261 2798 1355 2834; x_wconf 81' lang='lat' dir='ltr'>forte</span> <span class='ocrx_word' id='word_1_482' title='bbox 1380 2797 1627 2844; x_wconf 86' lang='lat' dir='ltr'>impediretur</span> 
     </span>
     <span class='ocr_line' id='line_1_63' title="bbox 861 2844 1627 2902; baseline -0.005 -18"><span class='ocrx_word' id='word_1_483' title='bbox 861 2847 1047 2902; x_wconf 82' lang='lat' dir='ltr'>passionis</span> <span class='ocrx_word' id='word_1_484' title='bbox 1086 2847 1167 2893; x_wconf 76' lang='lat' dir='ltr'>eJ&#39;us</span> <span class='ocrx_word' id='word_1_485' title='bbox 1204 2846 1363 2882; x_wconf 84' lang='lat' dir='ltr'>fructus.</span> <span class='ocrx_word' id='word_1_486' title='bbox 1402 2845 1499 2883; x_wconf 90' lang='lat' dir='ltr'>Nam</span> <span class='ocrx_word' id='word_1_487' title='bbox 1537 2844 1627 2882; x_wconf 86' lang='lat' dir='ltr'>licet</span> 
     </span>
     <span class='ocr_line' id='line_1_64' title="bbox 861 2892 1626 2940; baseline -0.005 -8"><span class='ocrx_word' id='word_1_488' title='bbox 861 2893 1104 2932; x_wconf 80' lang='lat' dir='ltr'>inclamarint</span> <span class='ocrx_word' id='word_1_489' title='bbox 1142 2893 1383 2940; x_wconf 90' lang='lat' dir='ltr'>postmodum</span> <span class='ocrx_word' id='word_1_490' title='bbox 1431 2892 1626 2929; x_wconf 84' lang='lat' dir='ltr'>daemones</span> 
     </span>
     <span class='ocr_line' id='line_1_65' title="bbox 862 2939 1627 2988; baseline -0.004 -9"><span class='ocrx_word' id='word_1_491' title='bbox 862 2954 901 2979; x_wconf 93' lang='lat' dir='ltr'>se</span> <span class='ocrx_word' id='word_1_492' title='bbox 922 2943 1017 2979; x_wconf 90' lang='lat' dir='ltr'>scire</span> <span class='ocrx_word' id='word_1_493' title='bbox 1037 2942 1163 2988; x_wconf 89' lang='lat' dir='ltr'>ipsum</span> <span class='ocrx_word' id='word_1_494' title='bbox 1183 2950 1264 2976; x_wconf 90' lang='lat' dir='ltr'>esse</span> <span class='ocrx_word' id='word_1_495' title='bbox 1293 2939 1416 2976; x_wconf 81' lang='lat' dir='ltr'>silium</span> <span class='ocrx_word' id='word_1_496' title='bbox 1440 2941 1531 2984; x_wconf 86' lang='lat' dir='ltr'>Dei;</span> <span class='ocrx_word' id='word_1_497' title='bbox 1552 2939 1627 2977; x_wconf 86' lang='grc'>1108</span> 
     </span>
     <span class='ocr_line' id='line_1_66' title="bbox 862 2987 1627 3035; baseline -0.004 -8"><span class='ocrx_word' id='word_1_498' title='bbox 862 2995 989 3027; x_wconf 85' lang='lat' dir='ltr'>tamen</span> <span class='ocrx_word' id='word_1_499' title='bbox 1029 2999 1109 3026; x_wconf 90' lang='lat' dir='ltr'>non</span> <span class='ocrx_word' id='word_1_500' title='bbox 1147 2998 1235 3025; x_wconf 84' lang='lat' dir='ltr'>cum</span> <span class='ocrx_word' id='word_1_501' title='bbox 1280 2987 1522 3035; x_wconf 87' lang='lat' dir='ltr'>certitudine,</span> <span class='ocrx_word' id='word_1_502' title='bbox 1560 2987 1627 3024; x_wconf 86' lang='lat' dir='ltr'>sed</span> 
     </span>
    </p>
   </div>
  </div>
 </body>
</html>
