1858 3146
415 124 630 166 moninus
658 132 874 166 emmena
901 123 1028 163 arans
1058 122 1330 164 n’emrnsme.
1577 128 1654 169 145

88 213 244 255 demon
262 212 324 254 lui
343 212 563 266 suggerait
582 215 690 254 cette
707 211 861 264 pensee
880 210 1034 254 cruelle
1057 223 1067 251 :
1094 225 1114 249 «
1134 213 1241 252 Tout
1262 224 1307 252 ce
1328 225 1408 266 que
1429 217 1474 254 tu
1496 214 1573 255 fais
1591 217 1656 256 est

86 278 236 320 inutile
251 291 262 328 ;
284 280 331 318 tu
351 277 496 319 finiras
515 290 591 330 par
609 279 651 318 te
668 275 829 329 perdre,
852 287 978 328 parce
1009 288 1091 329 que
1121 278 1168 316 tu
1200 288 1243 316 es
1276 277 1332 316 du
1365 279 1542 320 nombre
1581 279 1655 321 des

85 345 327 397 reprouves.
349 358 370 380 »
405 343 510 383 Dieu
540 341 781 395 permettait
816 343 924 381 cette
961 341 1168 381 tentation
1205 354 1313 394 pour
1360 345 1568 394 eprouver
1609 357 1655 386 sa

85 408 290 463 patience.
313 409 446 461 Apres
464 419 522 447 un
542 410 678 459 temps
695 405 793 446 bien
812 405 917 458 long
936 406 1061 446 d'une
1081 406 1250 447 anxiete
1268 406 1470 457 horrible,
1492 408 1522 447 il
1549 421 1652 449 vou-

84 473 164 523 lut,
185 473 288 513 dans
307 485 353 513 sa
372 473 515 522 bonte,
536 471 618 512 l'en
637 471 818 511 delivrer
837 471 1177 523 completement.
1209 473 1300 512 Une
1320 472 1415 512 nuit
1434 484 1515 524 que
1543 473 1654 514 saint

84 538 178 580 Eloi
197 539 302 579 etait
320 537 475 579 couche
495 550 565 577 sur
584 537 656 577 des
675 536 799 589 draps
829 536 1076 577 semblables
1097 538 1122 576 a
1142 549 1199 576 un
1237 536 1368 586 cilice,
1390 537 1421 576 il
1461 538 1654 579 entendit

85 616 171 644 une
189 604 288 644 voix
306 603 455 644 celeste
476 602 547 654 qui
566 601 775 642 l'assurait
794 613 876 654 que
896 613 960 642 ses
978 602 1132 653 peches
1151 602 1310 642 etaient
1329 602 1457 642 remis
1478 607 1520 642 et
1550 603 1655 655 qu'il

85 668 226 709 devait
251 679 294 708 se
312 666 513 719 regar-der
532 678 633 707 avec
653 666 858 706 certitude
878 678 1039 706 comme
1066 668 1184 707 etant
1203 679 1255 707 en
1294 669 1380 707 etat
1418 666 1469 707 de
1509 669 1650 718 grace.

85 733 121 774 Il
139 733 315 774 s'elance
335 731 508 772 aussitot
527 731 578 772 de
598 743 674 771 son
693 731 743 771 lit
762 734 804 771 et
829 735 923 771 sent
960 732 1064 772 dans
1103 744 1178 771 son
1217 733 1311 771 ame
1349 744 1433 772 une
1472 732 1656 773 douceur

84 798 281 851 parfaite‚
301 797 405 838 dans
430 809 505 836 son
535 796 666 849 esprit
704 809 785 836 une
823 796 972 837 liberte
1009 797 1170 837 entiere
1207 800 1249 836 et
1285 797 1390 837 dans
1426 810 1500 837 son
1539 810 1655 838 coeur

83 861 290 903 l'absence
310 861 518 914 complete
539 861 590 901 de
611 864 726 901 toute
747 861 923 911 crainte,
945 866 986 902 et
1007 874 1060 902 en
1093 862 1230 902 meme
1253 865 1388 913 temps
1422 862 1449 901 il
1469 862 1558 902 voit
1583 863 1655 904 des

83 926 263 980 reliques
282 927 541 979 suspendues
560 939 615 966 au
637 927 786 967 chevet
805 926 855 967 de
875 939 951 967 son
971 927 1019 967 lit
1040 927 1164 967 sortir
1192 940 1277 967 une
1307 927 1439 967 douce
1471 928 1653 980 liqueur,

82 991 205 1045 signe
225 991 456 1032 admirable
476 991 527 1032 de
547 991 749 1032 l'onction
769 992 820 1033 de
840 992 946 1033 Dieu
967 1005 1018 1032 eu
1043 992 1119 1032 lui.
1158 992 1457 1045 (lttbadecnera.
1508 993 1573 1033 We
1608 992 1656 1034 de

82 1057 188 1098 saint
204 1055 334 1110 Elei.)
820 1087 821 1090 ,

137 1121 258 1163 Saint
277 1121 474 1173 Framgois
494 1121 558 1161 fut
579 1124 720 1162 assure
746 1122 797 1162 de
835 1134 879 1162 sa
907 1122 1256 1175 predestination‚
1290 1123 1402 1163 deux
1435 1136 1511 1163 ans
1530 1127 1655 1164 avant

82 1198 128 1228 sa
146 1189 270 1236 mort,
294 1186 400 1226 dans
418 1198 502 1226 une
522 1187 573 1226 de
589 1198 650 1227 ses
672 1189 861 1235 extases;
892 1199 1049 1227 revenu
1087 1190 1112 1227 a
1148 1188 1381 1238 lui-meme,
1423 1188 1452 1228 il
1473 1188 1618 1230 s’ecria
1641 1201 1662 1229 .-

85 1267 106 1290 «
128 1253 216 1300 Que
235 1251 274 1292 le
294 1251 503 1303 Seigneur
523 1251 629 1291 Dieu
648 1252 728 1292 soit
748 1252 859 1300 lone,
881 1254 906 1291 a
924 1252 982 1293 lui
1002 1253 1197 1292 honneur
1218 1257 1258 1293 et
1280 1253 1413 1305 gloire
1439 1266 1534 1294 sans
1552 1254 1652 1306 fin‚»

80 1315 352 1358 Pendenties
371 1316 464 1356 huit
477 1316 598 1367 jours
617 1316 817 1366 suivants,
839 1317 869 1357 il
889 1329 942 1357 ne
963 1322 1038 1369 put
1059 1318 1197 1370 parler
1217 1331 1289 1357 sur
1315 1331 1372 1358 un
1393 1322 1514 1358 autre
1544 1320 1655 1371 sujet

80 1381 127 1422 ni
145 1381 294 1422 reciter
313 1381 352 1420 le
371 1381 481 1421 saint
500 1381 635 1421 office.
652 1381 685 1421 Il
698 1382 855 1422 n'avait
874 1394 945 1422 sur
963 1382 1022 1422 les
1038 1383 1170 1422 levres
1190 1395 1271 1435 que
1287 1395 1352 1423 ces
1371 1383 1535 1436 paroles
1550 1383 1654 1436 qu’il

79 1446 258 1499 repetait
271 1458 362 1486 sans
381 1458 490 1486 cesse
513 1459 522 1485 :
551 1460 571 1484 α
591 1446 678 1493 Que
698 1446 736 1486 le
757 1447 968 1498 Seigneur
988 1447 1068 1487 soit
1087 1447 1200 1486 lone.
1225 1464 1242 1483 »
1266 1448 1297 1487 11
1319 1460 1370 1487 ne
1403 1448 1537 1488 savait
1563 1449 1654 1489 dire

78 1514 198 1552 autre
219 1511 342 1551 chose
367 1522 475 1563 pour
512 1510 725 1563 exprimer
759 1512 799 1551 la
837 1511 920 1564 joie
959 1512 1032 1565 qui
1069 1511 1287 1552 debordait
1326 1512 1376 1552 de
1415 1525 1490 1552 son
1521 1525 1651 1554 coeur.

77 1574 251 1629 (Planus
269 1581 308 1616 et
315 1574 515 1630 plusieurs
535 1575 701 1629 autres.)

131 1641 276 1682 Sainte
296 1640 519 1682 Meclitilde
538 1641 603 1681 fut
621 1642 820 1694 penetree
840 1641 966 1682 d’une
982 1641 1069 1694 joie
1089 1642 1442 1691 extraordinaire‚
1466 1655 1519 1683 en
1543 1655 1653 1684 com-

4 1691 7 1699 ¹
76 1708 272 1758 menqant
291 1705 472 1747 l'Intro'it
491 1706 542 1746 de
561 1706 602 1746 la
622 1718 755 1746 messe
774 1706 824 1747 de
846 1706 886 1746 la
905 1710 946 1746 4⁰
966 1707 1071 1747 ferie
1091 1708 1214 1760 apros
1247 1708 1410 1760 Paques
1432 1721 1441 1747 :
1470 1723 1488 1744 «ι
1512 1709 1652 1749 Venez

75 1769 138 1812 les
172 1770 288 1812 benis
308 1770 359 1811 de
377 1782 477 1811 mon
497 1772 616 1811 Pete.
642 1788 661 1808 1>
682 1771 770 1812 Elle
793 1771 855 1812 dit
880 1772 1054 1812 aussitot
1074 1774 1100 1811 a
1118 1772 1224 1812 Dicu
1247 1785 1255 1812 :
1285 1786 1304 1810 «
1325 1772 1416 1813 0111
1449 1773 1483 1813 si
1511 1774 1652 1825 j'etais

78 1835 136 1878 du
149 1835 326 1876 nombre
346 1836 397 1876 de
420 1848 486 1876 ces
507 1836 800 1877 bienheureux
823 1837 895 1889 qui
915 1836 1172 1877 entendront
1191 1850 1248 1876 un
1264 1837 1363 1889 jour
1378 1841 1485 1878 cette
1505 1838 1654 1879 invita·

77 1899 168 1942 tion
187 1900 223 1941 si
241 1900 398 1941 doucel
422 1916 441 1937 »
467 1902 522 1942 Le
543 1902 751 1954 Seigneur
772 1902 830 1942 lui
848 1902 1045 1954 repondit
1067 1914 1077 1941 :
1104 1918 1123 1938 «
1145 1902 1366 1955 Apprends
1398 1902 1448 1943 de
1485 1903 1527 1943 la
1558 1915 1650 1944 ma-

78 2035 152 2074 sibi
190 2036 372 2074 continuo
410 2037 545 2074 Satana
582 2037 839 2084 importunam

78 2083 180 2120 hanc
200 2084 466 2131 cogitationem
484 2096 491 2121 :
513 2098 527 2117 α
550 2086 740 2131 Quidquid
759 2086 839 2133 agis

78 2131 215 2168 inutile
235 2136 304 2176 est,
327 2131 490 2168 finaliter
511 2143 667 2170 casurus
681 2144 735 2179 es,
753 2134 839 2180 quia

78 2178 126 2216 de
157 2188 318 2216 numero
352 2190 391 2216 es
422 2179 679 2226 reproborum.
707 2196 719 2213 ιι
756 2181 840 2218 Per-

77 2225 249 2263 mittebat
268 2227 306 2263 id
329 2227 425 2263 Deus
456 2227 503 2263 ad
524 2228 604 2274 eJus
636 2228 840 2275 exploran-

77 2273 166 2311 dam
207 2274 430 2320 patientiam
453 2303 461 2311 .
509 2275 710 2322 Postquam
753 2287 839 2313 vero

77 2318 143 2358 diu
163 2320 244 2358 haec
263 2321 501 2368 perdurasset
519 2324 701 2369 anxietas,
723 2324 840 2361 voluit

12 2382 25 2399 ¹-
77 2367 176 2406 Deus
196 2368 383 2415 benignus
403 2380 487 2406 cam
501 2370 671 2407 funditus
693 2371 836 2408 tollore.

77 2415 246 2460 Quadam
265 2421 391 2461 nocte,
412 2427 500 2454 cum
532 2419 712 2455 dormiret
739 2420 839 2456 inter

35 2488 46 2507 ,ν
76 2461 194 2502 lintea
217 2463 386 2509 cilicina,
408 2475 476 2502 vox
499 2466 662 2502 coelestis
681 2466 729 2503 ad
752 2477 839 2504 eum

76 2509 173 2548 tacta
193 2516 261 2557 est,
284 2511 331 2548 de
345 2517 587 2558 peccatorum
615 2514 838 2551 remissione

77 2561 114 2595 et
132 2561 229 2595 statu
250 2558 379 2606 gratiae
417 2571 504 2597 cum
524 2561 724 2599 certiorem
749 2563 836 2599 red-

41 2640 46 2643 .
77 2603 184 2643 dens.
204 2605 258 2643 Ad
278 2617 391 2653 quam
413 2618 542 2645 vocem
564 2619 651 2646 mox
671 2620 691 2646 e
724 2614 838 2647 strato

77 2648 250 2698 exiliens,
271 2654 406 2691 miram
439 2654 479 2692 in
510 2656 639 2693 animo
671 2657 838 2694 suavita-

77 2701 155 2735 tem
188 2703 394 2749 persensit,
434 2704 646 2750 miramque
684 2705 838 2751 spiritus

77 2744 302 2794 libertatem,
321 2749 427 2786 omni
446 2750 603 2797 depulsa
622 2757 836 2797 anxietate;

41 2831 44 2836 ,
77 2802 123 2830 ac
151 2794 274 2832 statim
302 2806 348 2833 ex
379 2798 496 2835 sacris
526 2798 708 2846 Reliquiis
739 2799 837 2838 lecto

39 2884 45 2892 ‘
75 2849 146 2877 suo
165 2843 352 2890 appensis,
366 2844 458 2882 vidit
477 2855 631 2884 suavem
651 2847 837 2894 liquorem

38 2920 48 2927 .
75 2887 252 2934 defluere,
273 2889 315 2927 in
333 2891 484 2946 signum
508 2898 674 2943 acceptae
705 2906 729 2932 a
758 2895 837 2934 Deo

25 3140 37 3146 -
64 3126 70 3146 t

72 2934 270 2974 interioris
288 2939 492 2979 unctionis.

262 3029 297 3062 11

926 2039 1087 2075 Sanctus
1116 2039 1354 2082 Franciscus,
1376 2049 1464 2076 cum
1492 2039 1648 2076 biennio

878 2090 965 2122 ante
993 2091 1153 2123 mortem
1184 2087 1225 2123 in
1257 2088 1418 2133 quadani
1448 2088 1565 2123 extasi
1602 2088 1649 2124 de

878 2134 1210 2180 praedestinatione
1226 2145 1290 2170 sua
1312 2135 1448 2171 certior
1463 2136 1582 2171 sactus
1597 2135 1649 2171 fo·

880 2187 945 2226 ret,
971 2186 1008 2218 ut
1029 2181 1093 2218 ubi
1127 2182 1295 2218 redditus
1323 2187 1393 2226 est,
1415 2183 1540 2218 statim
1576 2192 1644 2218 ex-

878 2229 1055 2266 clamavit
1094 2240 1102 2265 z
1161 2245 1174 2260 «
1222 2230 1406 2266 Laudetur
1463 2230 1647 2266 Dominus

880 2278 991 2320 Deus,
1007 2277 1078 2324 ipsi
1102 2276 1221 2323 gloria
1241 2282 1275 2314 et
1293 2277 1414 2313 honor
1429 2277 1511 2314 sine
1527 2278 1614 2313 tine.
1628 2293 1642 2311 ι»

878 2325 1025 2361 Exinde
1046 2325 1241 2371 proximos
1260 2330 1345 2362 octo
1366 2325 1446 2362 dies
1465 2325 1518 2362 sic
1541 2329 1647 2361 tran-

878 2372 986 2419 segit,
1008 2377 1047 2409 ut
1068 2382 1140 2409 nec
1174 2372 1250 2408 ulla
1282 2373 1327 2408 dc
1360 2383 1399 2408 re
1438 2372 1554 2419 loqui,
1576 2383 1648 2409 nec

879 2420 991 2457 horas
1010 2420 1215 2457 canonicas
1236 2421 1392 2456 recitare
1412 2425 1558 2466 posset;
1582 2420 1647 2456 sed

879 2467 950 2504 hoc
970 2467 1095 2504 sotum
1116 2468 1157 2504 in
1178 2479 1242 2504 ore
1265 2467 1417 2504 haberet
1437 2471 1471 2503 ct
1498 2478 1647 2514 semper

880 2520 1094 2562 repeteret:
1134 2530 1147 2547 «
1185 2515 1370 2551 Laudctur
1404 2515 1599 2560 Dominus,
1625 2530 1640 2549 i)

877 2562 929 2599 ita
948 2563 1102 2599 animus
1115 2563 1197 2608 ejus
1218 2563 1347 2598 laetitia
1367 2561 1571 2598 exultabat.

925 2610 1062 2648 Sancta
1095 2610 1311 2647 Mechtildis
1345 2620 1433 2645 cum
1466 2609 1644 2646 introitus

877 2658 1002 2695 Missae
1024 2658 1118 2694 seria
1137 2658 1173 2694 lc.
1199 2658 1283 2694 Post
1310 2657 1451 2692 Pascha
1483 2656 1645 2694 inchoa-

879 2710 978 2742 retur
1009 2716 1017 2742 :
1046 2720 1060 2738 ιι
1102 2705 1248 2747 Venite,
1297 2703 1487 2741 benedicti
1526 2703 1645 2741 Patris

878 2754 967 2798 mei,
994 2768 1006 2784 ι»
1034 2752 1187 2789 insolita
1207 2751 1387 2788 exultavit
1408 2751 1551 2797 laetitia,
1576 2752 1644 2788 Do—

877 2801 981 2838 mino
1002 2800 1135 2837 dicens
1157 2809 1165 2836 :
1194 2812 1207 2830 u
1231 2799 1261 2834 O
1282 2799 1314 2834 si
1334 2809 1457 2835 essem
1489 2809 1566 2836 una
1598 2810 1645 2836 cx

875 2849 954 2885 illis
997 2846 1221 2891 benedictis,
1269 2844 1334 2892 qui
1379 2846 1649 2886 suavissimam.

878 2896 975 2933 hanc
995 2893 1162 2931 audituri
1182 2897 1270 2930 sunt
1284 2895 1432 2931 vocem!
1461 2909 1474 2925 n
1491 2895 1560 2931 Cui
1574 2895 1644 2932 Do-

877 2943 1005 2982 minus
1028 2952 1062 2979 :‹
1080 2941 1183 2980 Scias
1203 2945 1306 2980 certo
1316 2946 1351 2980 te
1370 2941 1505 2979 exiliis
1518 2946 1645 2980 esseet

1405 3027 1456 3067 10
