1858 3146
583 186 794 218 mmucnz
822 187 874 216 1111
901 188 950 217 LA
981 188 1158 219 rAssion.
1569 183 1650 224 639

91 269 142 311 115
159 271 234 308 081
251 269 317 308 ete
335 267 541 310 ecorches,
562 266 716 316 brules,
737 268 888 319 coupes
906 278 958 305 en
970 278 1194 308 morceaux
1206 271 1247 307 et
1260 271 1439 309 tortures
1454 270 1504 310 de
1521 270 1650 312 beau-

80 348 198 388 coup
217 334 400 374 d'autres
423 331 631 372 1118818185
660 331 770 371 aussi
800 330 995 380 cruelles;
1030 332 1081 371 ils
1113 333 1306 372 auraient
1334 346 1390 386 pu
1420 336 1552 375 eviter
1582 348 1650 377 ces

91 399 337 446 1081188815,
361 397 443 437 s’ils
462 396 631 436 avaient
649 395 776 436 voulu
795 396 1031 436 dissimuler
1050 397 1141 436 leur
1174 398 1246 447 foi,
1269 398 1319 438 ils
1345 399 1578 441 n'auraient
1597 414 1650 443 eu

91 465 190 518 qu'a
219 464 305 504 s'en
324 462 510 515 repentir
528 461 704 511 ensuite,
727 461 831 500 mais
861 461 912 500 ils
943 461 1112 501 avaient
1146 475 1228 502 une
1258 464 1354 504 telle
1385 465 1563 506 horreur
1592 467 1648 508 du

89 530 218 583 peche
239 528 360 581 qu’ils
379 527 496 567 n'ont
515 539 588 579 pas
606 526 734 566 voulu
752 526 841 566 8118
861 538 917 565 88
939 526 1028 566 5881
1053 530 1243 567 moment
1274 529 1372 568 hors
1392 530 1442 570 de
1463 531 1503 570 18
1525 533 1649 583 grace

89 595 141 636 de
160 595 279 635 Dieu.

142 658 453 712 L’imperatrice
485 657 672 697 Eudoxie
702 660 829 709 ayant
854 656 981 696 voulu
1012 668 1208 697 menacer
1239 662 1280 698 et
1330 659 1511 711 effrayer
1541 662 1651 701 saint

89 726 381 778 Chrysostome
399 735 521 776 parce
542 722 644 774 qu'il
662 721 886 774 s’opposait
906 724 930 761 8
949 734 1012 762 585
1031 723 1160 762 (185115
1175 723 1215 762 in
1217 722 1366 775 justes,
1388 736 1451 764 ses
1470 729 1650 777 envoyes

88 791 149 832 lui
169 791 458 843 rapporterent
476 791 581 827 cette
601 790 776 840 reponse
799 799 807 826 :
834 803 854 823 «
874 787 981 828 C’est
1002 800 1054 827 en
1076 788 1173 827 vain
1194 801 1275 840 que
1314 801 1415 829 vous
1436 791 1650 832 estraierez

89 859 154 897 cet
171 857 354 903 homme,
379 854 408 893 il
428 865 480 893 ne
499 852 633 892 craint
652 864 732 904 que
752 852 791 892 18
822 853 966 905 peche.
990 867 1008 890 »
1033 854 1065 893 11
1092 854 1129 892 le
1162 857 1326 894 montra
1347 854 1443 895 bien
1466 856 1647 910 lorsque,

87 922 228 963 chasse
248 933 324 973 par
342 918 529 959 Eudoxie
550 918 600 957 de
620 917 660 957 18
680 917 777 957 ville
798 918 848 958 de
867 918 1223 970 Constantinople,
1245 919 1273 958 il
1293 921 1436 959 ecrivit
1456 923 1480 960 8
1502 923 1648 974 Cyria-

87 999 167 1040 que
188 998 239 1026 en
261 997 326 1024 ces
345 987 498 1023 termes
522 994 530 1022 :
557 997 575 1020 «
598 983 750 1023 Chasse
769 983 819 1022 de
840 983 1198 1036 Constantinople,
1228 985 1272 1035 je
1305 997 1357 1024 ne
1386 985 1651 1039 m'inquietai

86 1051 137 1092 (18
157 1050 261 1099 1188,
286 1049 391 1089 mais
407 1048 451 1100 je
471 1060 539 1087 me
570 1047 632 1086 dis
664 1059 717 1087 en
750 1048 994 1087 moi-meme
1017 1061 1027 1087 :
1051 1048 1095 1088 Si
1127 1047 1420 1100 l'Imperatrice
1452 1057 1552 1091 veut
1582 1063 1651 1093 me

84 1115 306 1170 proscrire,
324 1113 475 1167 qu'elle
496 1125 563 1153 me
582 1113 806 1165 proscrive,
822 1113 863 1152 la
877 1115 986 1152 terre
1002 1117 1043 1153 et
1056 1115 1148 1152 tout
1162 1125 1208 1153 ce
1222 1114 1373 1166 qu‘elle
1388 1116 1577 1156 contient
1590 1120 1652 1157 est

85 1193 140 1221 au
161 1181 383 1232 Seigneur.
407 1178 450 1219 Si
471 1178 549 1218 elle
568 1181 667 1217 veut
686 1189 753 1218 me
773 1178 879 1217 faire
911 1178 1014 1217 scier
1051 1178 1089 1218 le
1120 1191 1253 1230 corps,
1279 1179 1429 1231 qu'olle
1459 1181 1497 1220 le
1526 1182 1649 1233 fasse,

84 1247 190 1287 15818
209 1257 301 1285 5818
315 1256 414 1283 1808
435 1243 614 1283 18011818.
637 1243 681 1283 81
701 1243 779 1283 8118
798 1254 865 1282 1118
886 1242 963 1282 fait
978 1243 1088 1294 jeter
1107 1245 1131 1282 a
1152 1244 1191 1282 la
1210 1255 1312 1292 mer,
1332 1244 1375 1295 je
1397 1257 1463 1284 me
1483 1246 1651 1298 reppel-

85 1310 188 1351 lerai
206 1311 349 1351 Jonas.
372 1309 414 1349 Si
432 1308 475 1360 je
495 1308 578 1347 suis
593 1307 680 1359 jete
695 1307 798 1346 dans
811 1319 894 1347 une
907 1307 1120 1347 fournaise
1134 1308 1317 1358 ardente,
1331 1308 1484 1361 j'aurai
1498 1311 1652 1352 devant

85 1376 145 1416 les
165 1387 277 1427 yeux
296 1374 356 1414 185
374 1373 476 1413 11015
491 1372 640 1425 11811885
660 1372 849 1412 hommes
870 1373 943 1424 qui
973 1377 1047 1412 ont
1078 1373 1236 1412 endure
1265 1386 1311 1413 88
1343 1378 1571 1417 108118881.
1607 1377 1653 1418 81

83 1440 165 1480 8118
195 1443 296 1478 veut
327 1450 394 1479 me
426 1438 531 1478 faire
569 1449 745 1489 exposer
780 1449 863 1477 aux
900 1437 1029 1486 118185,
1047 1438 1091 1489 je
1111 1450 1177 1477 me
1207 1440 1457 1490 rappellerai
1488 1442 1651 1483 Daniel.

82 1505 130 1547 Si
142 1504 221 1545 elle
241 1506 340 1543 veut
359 1515 426 1542 me
448 1503 552 1542 faire
573 1502 748 1555 lapider,
765 1503 810 1554 ,ie
838 1503 1030 1555 penserai
1061 1505 1085 1542 8
1117 1503 1224 1542 saint
1250 1504 1440 1555 Etienne,
1470 1507 1653 1558 premier

80 1572 258 1621 martyr.
281 1569 326 1609 Si
345 1567 424 1607 elle
443 1579 511 1607 me
531 1568 609 1606 fait
627 1567 824 1607 118881181·
843 1567 885 1606 18
904 1568 1001 1617 tete,
1019 1568 1063 1618 ,ie
1083 1568 1371 1608 ressemblerai
1387 1571 1410 1608 8
1423 1571 1445 1611 J
1449 1572 1653 1624 ean-Bap-

81 1635 194 1676 tiste.
216 1634 259 1674 Si
280 1632 358 1673 elle
377 1635 476 1672 veut
495 1632 721 1672 m'enlever
742 1644 829 1672 mes
848 1632 980 1681 biens,
1000 1632 1044 1683 je
1064 1632 1169 1672 dirai
1202 1645 1363 1673 comme
1391 1635 1471 1675 Job
1495 1635 1597 1688 (Job.
1619 1648 1649 1688 1,

82 1699 148 1753 21)
174 1714 183 1739 z
208 1715 226 1735 ιι
248 1699 296 1739 Je
316 1697 399 1738 suis
419 1698 521 1738 sorti
541 1710 599 1737 nu
619 1697 676 1737 du
697 1697 785 1736 sein
805 1697 856 1736 de
876 1709 945 1737 1118
964 1699 1076 1737 111818
1097 1698 1193 1749 etje
1208 1701 1466 1739 retournerai
1483 1701 1523 1740 18
1537 1714 1611 1742 88.
1629 1716 1649 1741 n

82 1766 290 1818 L’apotre‚
303 1763 375 1816 qui
388 1775 455 1803 me
467 1762 528 1802 dit
538 1774 618 1815 que
632 1762 736 1802 Dieu
753 1774 806 1802 118
820 1763 998 1814 regardo
1009 1775 1083 1815 pas
1096 1764 1135 1803 18
1151 1775 1358 1815 personne
1370 1765 1420 1805 de
1435 1765 1652 1818 l'homme,

83 1829 316 1872 m'exhorte
338 1831 362 1868 8
381 1828 485 1867 faire
503 1839 603 1867 mon
624 1826 782 1875 devoir,
804 1826 993 1878 lorsqu'il
1011 1827 1154 1868 s'ecrie
1176 1839 1186 1867 t
1213 1843 1233 1866 (1
1253 1829 1297 1869 81
1317 1830 1361 1881 Je
1392 1830 1608 1871 cherchais
1629 1834 1655 1872 8

84 1896 216 1950 plaire
235 1907 320 1935 aux
339 1894 544 1942 hommes,
561 1892 605 1944 je
624 1904 675 1932 ne
694 1892 822 1932 581815
841 1904 915 1944 pas
934 1893 974 1931 le
990 1892 1194 1932 serviteur
1207 1893 1258 1933 de
1271 1895 1293 1934 J
1298 1895 1588 1936 esus-Christ.»
1602 1897 1655 1936 Et

89 2091 179 2128 Ideo
219 2094 272 2126 101
312 2090 492 2134 Martyres
536 2093 612 2124 tam
661 2088 855 2126 horribilia

88 2138 193 2186 passi
212 2142 299 2174 suut
322 2141 523 2180 tormenta,
537 2137 731 2181 excoriati,
748 2147 855 2172 exus·-

892 2089 937 2125 ad
959 2090 1155 2134 cyriacum
1185 2090 1239 2126 sic
1267 2090 1415 2126 scribit:
1434 2105 1446 2119 υ
1471 2091 1498 2126 Ε
1527 2091 1654 2128 uidem

893 2146 978 2172 cum
1018 2137 1110 2172 urbe
1154 2137 1336 2182 exigerer,
1378 2137 1473 2174 nihil
1546 2148 1655 2175 orum

90 2186 134 2230 ti,
167 2186 208 2222 in
239 2185 376 2221 frustra
407 2183 509 2227 88851,
547 2184 707 2230 aliisque
734 2184 855 2220 modis

90 2232 372 2278 indignissimis
416 2232 501 2267 torti
536 2241 544 2266 :
576 2241 659 2277 quae
702 2232 854 2278 quidem

88 2284 279 2318 tormenta
318 2280 455 2315 evitare
503 2283 688 2324 poterant,
729 2279 759 2315 si
796 2279 854 2315 vel

88 2327 329 2364 dissimulare
349 2326 555 2363 voluissent
589 2325 700 2362 tidem
732 2336 853 2369 suam,

89 2375 199 2421 quus
219 2375 272 2411 rei
293 2378 464 2421 poterant
485 2374 720 2419 postmodum
738 2374 856 2420 poeni-

91 2426 181 2467 tere,
222 2422 358 2459 sedita
390 2422 617 2457 horruerunt
642 2426 853 2467 peccatum,

89 2474 132 2507 ut
164 2479 212 2506 ne
237 2474 432 2505 momento
463 2473 568 2505 extra
599 2469 757 2515 gratiam
789 2470 852 2506 Dei

88 2526 174 2555 esse
195 2516 395 2553 voluerint.

138 2565 231 2602 Cum
253 2564 421 2600 Eudoxia
440 2562 662 2610 Imperatrix
681 2573 748 2610 per
766 2573 854 2600 suos

91 2611 234 2659 legatos
268 2612 393 2647 minas
442 2616 478 2647 et
526 2615 685 2647 terrores
723 2616 853 2648 sancto

91 2658 356 2705 Chrysostomo
406 2658 622 2704 intentaret,
661 2668 705 2695 eo
754 2659 853 2705 quod

92 2706 176 2752 ejus
195 2706 336 2752 iniquis
365 2705 634 2752 cupiditatibus
666 2716 705 2742 se
732 2716 851 2752 oppo-

92 2757 214 2797 neret,
262 2763 485 2800 responsum
528 2757 584 2789 est
629 2753 665 2789 81
701 2764 722 2789 a
760 2754 851 2797 suis,

120 2809 188 2836 uos
227 2800 391 2844 miserat,
422 2800 553 2847 legatis
593 2811 601 2836 :
648 2814 662 2832 α
705 2800 854 2837 Frustra

93 2846 205 2884 ilum
238 2846 432 2884 hominem
470 2853 598 2884 terres.
637 2847 739 2885 Nihil
778 2848 853 2884 nisi

93 2898 292 2941 peccatum
313 2894 430 2932 timet.
457 2910 470 2927 ιι
495 2895 600 2939 Quod
619 2895 699 2942 ipse
728 2901 854 2942 aperte

94 2941 272 2984 ostendit,
292 2951 377 2978 curn
398 2952 419 2979 e
438 2942 853 2990 constantinopolitana

95 2987 189 3026 urbe
223 2988 422 3035 ejiceretur
457 2989 505 3027 ab
542 2990 724 3028 Eudoxia.
747 2990 854 3029 Unde

893 2184 1034 2228 curavi,
1049 2184 1111 2219 sed
1137 2184 1187 2220 ita
1204 2195 1354 2220 18888111
1382 2185 1530 2221 locutus
1554 2196 1652 2222 5818.

893 2231 930 2267 81
962 2242 1022 2267 188
1054 2231 1131 2267 ν811
1157 2232 1378 2278 Imperatrix
1406 2233 1654 2278 proscribere,

894 2278 1114 2325 proscribat,
1154 2294 1166 2310 «
1211 2280 1361 2316 Domini
1392 2285 1447 2315 est
1483 2284 1582 2316 terra
1618 2285 1655 2317 81.

894 2326 1088 2372 plenitudo
1109 2325 1202 2372 ejus.
1226 2342 1239 2360 »
1263 2327 1301 2363 Si
1321 2338 1421 2363 serra
1440 2327 1655 2365 discindere

894 2374 1004 2416 volet,
1061 2373 1247 2410 discindat
1288 2385 1296 2410 :
1342 2375 1478 2410 Isaiam
1535 2374 1654 2413 habeo

893 2421 1122 2467 exemplum.
1146 2421 1182 2457 Si
1204 2432 1263 2457 me
1284 2422 1324 2457 18
1345 2432 1447 2458 mare
1468 2422 1546 2458 vult
1565 2433 1655 2469 pro-

889 2469 1022 2515 jicere,
1043 2469 1147 2505 Jonae
1163 2469 1399 2505 reminiscar.
1419 2469 1458 2505 Si
1478 2470 1519 2506 in
1539 2470 1656 2506 cami-

892 2527 983 2552 num
1006 2516 1104 2562 ignis
1123 2517 1201 2552 vult
1222 2517 1425 2562 conjicere,
1448 2521 1521 2553 tres
1542 2517 1654 2562 Juve-

893 2575 959 2600 nes
981 2563 1098 2600 habeo
1119 2565 1182 2610 qui
1203 2564 1240 2600 id
1261 2563 1508 2610 pertulerunt.
1531 2564 1577 2600 S'r
1593 2574 1654 2602 me

893 2611 1021 2647 bestiis
1041 2611 1118 2647 vult
1138 2611 1316 2657 objicere,
1341 2611 1504 2648 Danielis
1524 2612 1655 2649 memi-

894 2669 996 2695 8810.
1019 2659 1056 2694 81
1089 2669 1150 2695 me
1181 2658 1259 2694 vult
1288 2659 1468 2705 lapidare,
1494 2659 1655 2705 Stepha-

893 2716 984 2742 num
1018 2705 1136 2742 habeo
1170 2706 1497 2751 protomartyrem.
1519 2707 1556 2743 Si
1589 2717 1655 2744 ca-

892 2758 957 2799 put
995 2754 1073 2789 vult
1110 2754 1271 2796 auferre,
1303 2754 1490 2790 Joaunem
1535 2754 1656 2792 habeo

894 2801 1107 2847 Baptistam.
1135 2801 1172 2836 Si
1206 2800 1456 2837 substantiam
1476 2801 1554 2837 vult
1572 2801 1656 2838 adi-

892 2858 994 2884 mere
1028 2858 1076 2885 :«
1111 2848 1242 2886 Nudus
1278 2858 1450 2895 egressus
1487 2858 1572 2885 sum
1609 2849 1657 2886 de

892 2900 1020 2932 ventre
1047 2896 1177 2931 matris
1205 2905 1316 2939 111818,
1336 2896 1461 2932 nudus
1492 2900 1657 2933 revertar

892 2943 997 2980 illuc.
1022 2958 1037 2976 »
1079 2943 1306 2980 Exhortatur
1342 2953 1404 2979 me
1442 2943 1656 2989 Apostolus,

891 3000 1093 3038 personam
1125 2990 1292 3028 hominis
1319 2991 1418 3029 Deus
1449 3001 1530 3029 non
1555 2990 1658 3030 reci-
