1858 3146
209 167 290 210 374
631 176 679 205 LE
709 176 914 207 11Δ11011Α1,
941 177 1015 206 665
1044 167 1363 207 111661611166115.

210 255 287 308 qui
303 255 397 295 font
413 254 507 294 leur
525 253 631 294 Dieu
648 254 699 295 de
717 253 811 295 leur
829 257 991 305 ventre,
1014 256 1056 294 et
1076 254 1150 307 qui
1179 256 1362 296 mettent
1393 255 1486 296 leur
1526 256 1662 308 gloire
1681 258 1787 299 dans

210 319 305 361 1661·
315 331 468 372 propre
484 319 629 360 110616..

266 387 324 425 Le
341 385 556 425 vetement
574 384 774 437 sanglant
793 384 846 425 de
865 386 985 425 ,16565
1012 384 1180 425 61661116
1212 388 1275 425 651
1308 397 1418 438 pour
1446 398 1531 426 eux
1559 399 1618 426 un
1651 387 1789 440 signe,

212 450 320 492 mais
337 462 395 490 un
414 450 533 502 signe
551 450 707 503 auquel
734 450 785 490 ils
817 450 1118 498 contredisent‚
1153 462 1278 502 parce
1311 462 1408 503 que,
1431 450 1685 492 s’adonnant
1705 454 1731 492 ὲ
1747 452 1791 493 la

211 514 380 564 luxure,
404 517 430 554 ὲ
447 515 642 564 l'ivresse,
666 515 750 554 616
772 515 988 555 debauche
1009 519 1049 555 et
1067 516 1092 555 ἐι
1110 514 1224 555 leurs
1238 518 1379 555 autres
1394 516 1600 568 passions,
1622 517 1673 556 ils
1693 529 1790 558 cru-

215 580 360 623 616661
378 579 482 620 dans
501 580 592 620 leur
611 592 726 620 60661
745 585 788 620 61
817 584 1020 633 exposent
1055 580 1106 620 de
1137 592 1334 620 nouveau
1363 580 1404 621 16
1435 581 1519 621 Fils
1550 582 1602 622 de
1632 582 1737 623 Dieu
1768 583 1795 623 ἐι

215 645 483 699 l’ignominie
503 646 555 686 de
572 645 613 685 la
633 646 764 696 croix,
787 645 838 685 ils
858 645 1056 685 souillent
1076 651 1117 685 et
1138 645 1302 686 soulent
1315 657 1400 685 aux
1419 646 1537 698 pieds
1555 646 1595 687 16
1615 659 1722 700 sang
1741 647 1795 688 de

214 711 261 752 la
277 710 473 751 nouvelle
493 710 685 750 allianee.
707 711 771 750 En
792 722 838 750 ce
852 710 969 762 j0ur,
994 711 1033 750 16
1053 710 1138 750 Fils
1158 711 1210 750 de
1229 711 1335 751 Dieu
1355 710 1416 751 dit
1438 711 1540 763 qu'il
1559 723 1613 751 va
1632 714 1657 751 ἐι
1675 713 1797 753 ,16111-

217 775 364 826 salem,
385 788 493 828 pour
512 787 776 815 commencer
795 775 855 815 les
874 777 1079 828 mysteres
1099 776 1150 815 de
1182 788 1228 816 sa
1247 775 1363 816 croix
1382 779 1424 816 et
1444 776 1495 817 de
1529 788 1575 816 sa
1604 776 1793 827 passion,

172 882 176 886 ,
218 843 263 881 61
281 833 379 891 eui,
402 840 603 880 oublieux
622 840 673 880 de
693 852 758 880 ses
783 840 997 890 bienfaits,
1020 853 1063 881 se
1091 841 1292 893 joignent
1325 843 1350 880 6
1381 853 1446 881 565
1477 842 1718 892 bourreaux
1754 844 1798 883 61

217 917 263 948 se
280 909 484 958 moquent
504 906 556 945 de
575 905 650 954 lui,
673 917 727 946 66
746 917 790 946 56
808 906 1063 958 precipitant
1095 918 1193 946 sans
1225 919 1391 947 mesure
1420 908 1525 947 dans
1553 907 1722 948 l’abime
1741 907 1800 948 du

216 971 365 1025 peche.
387 970 522 1010 David
540 971 693 1023 fuyant
714 970 756 1010 la
775 983 856 1011 vue
875 971 1118 1021 d'Absalon,
1141 975 1183 1012 et
1202 972 1424 1012 merchant
1456 973 1517 1012 les
1547 973 1666 1025 pieds
1698 985 1795 1022 nus,

216 1036 363 1076 latete
383 1038 578 1075 converte
597 1039 639 1075 et
659 1035 720 1075 les
738 1048 852 1087 yeux
871 1036 1048 1088 baignes
1068 1036 1119 1076 de
1138 1036 1307 1086 larmes,
1327 1038 1551 1090 gravissait
1570 1039 1612 1078 la
1632 1042 1802 1078 monta-

219 1112 304 1154 366
323 1100 395 1140 (165
415 1100 605 1150 Oliviers,
622 1100 730 1140 suivi
749 1099 852 1140 d'un
871 1101 975 1153 petit
991 1101 1167 1141 nombre
1183 1101 1233 1141 de
1248 1114 1311 1142 ses
1326 1102 1568 1151 serviteurs,
1584 1103 1804 1156 lorsqu’un

218 1177 433 1217 messager
451 1165 543 1206 vint
562 1165 622 1205 lui
641 1166 731 1206 dire
747 1179 786 1205 :«
800 1167 910 1206 Tout
928 1166 1057 1205 Israel
1070 1166 1155 1205 suit
1173 1166 1358 1206 Absalon
1376 1166 1427 1207 de
1446 1169 1539 1207 tout
1554 1179 1629 1207 506
1644 1179 1803 1208 606111.»

220 1231 282 1271 De
301 1230 440 1270 11161116
459 1230 573 1271 aussi
591 1243 675 1283 peu
705 1230 756 1270 de
789 1230 999 1271 6111611665
1031 1231 1198 1271 suivent
1230 1242 1330 1272 avec
1361 1232 1626 1285 compassion
1659 1233 1805 1273 ,16565-

222 1296 363 1337 Christ
381 1298 577 1336 montani
595 1298 620 1335 ὸ.
638 1296 895 1346 Jerusalem3
925 1295 976 1335 ils
996 1296 1166 1336 suivent
1186 1296 1237 1336 de
1264 1299 1359 1336 tout
1378 1297 1471 1336 leur
1501 1309 1618 1337 coeur
1643 1300 1686 1337 61
1717 1309 1806 1338 561·-

221 1364 324 1403 vent
341 1360 478 1413 plutot
495 1361 534 1401 16
553 1361 724 1411 monde,
745 1360 787 1400 la
807 1361 938 1410 cheir,
962 1361 1001 1401 16
1021 1361 1187 1411 demon,
1211 1361 1401 1401 ennemis
1428 1362 1546 1414 jures
1566 1362 1624 1402 du
1645 1362 1804 1403 Christ.

222 1426 278 1467 Et
295 1437 459 1467 comme
479 1426 619 1466 semei
637 1426 901 1479 poursuivait
920 1426 1056 1466 David
1077 1427 1181 1466 dans
1202 1439 1277 1467 son
1291 1427 1514 1467 ascension
1526 1427 1577 1467 de
1597 1439 1661 1468 565
1679 1427 1810 1468 male-

225 1490 404 1531 dictions
423 1495 464 1531 et
482 1491 544 1530 lui
559 1491 686 1542 jetait
705 1491 777 1531 des
795 1491 977 1543 pierres;
1000 1491 1124 1543 ainsi,
1149 1504 1201 1531 66
1223 1505 1289 1532 665
1316 1492 1451 1544 jours,
1475 1492 1518 1532 la
1544 1492 1714 1546 plupart
1734 1493 1807 1534 des

226 1556 452 1606 6111611665,
474 1557 648 1609 11065565
668 1568 746 1608 par
777 1555 837 1596 les
858 1556 1020 1596 fumees
1041 1557 1093 1596 de
1125 1557 1323 1606 l'ivresse,
1349 1569 1391 1596 56
1418 1557 1659 1610 (1661611661
1688 1561 1810 1599 66116

228 1633 328 1671 eux,
347 1621 513 1672 jurent,
535 1621 839 1673 blasphement,
862 1633 905 1661 56
937 1624 1138 1662 couvrent
1170 1621 1221 1661 de
1253 1621 1557 1673 maledictions,
1581 1625 1807 1675 attaquent

228 1686 336 1728 ainsi
354 1686 636 1727 Jesus-Christ
656 1686 748 1726 leur
768 1687 916 1727 Maitre
935 1699 1098 1727 comme
1118 1698 1218 1727 avec
1238 1687 1311 1727 des
1329 1687 1488 1740 pierres
1508 1690 1551 1727 et
1580 1687 1807 1728 reneuvel-

229 1751 397 1793 1661165
416 1751 611 1792 douleurs
633 1756 675 1792 et
697 1752 756 1791 les
775 1752 982 1791 blessures
1003 1752 1052 1792 de
1074 1764 1119 1791 sa
1138 1752 1323 1792 Pession.
1356 1752 1474 1801 Mais,
1499 1764 1544 1792 66
1577 1752 1650 1805 qui
1670 1752 1811 1795 arrive

232 1816 496 1870 quelquefois
523 1818 548 1856 6
579 1819 700 1856 notre
733 1818 896 1869 epoque
928 1820 1030 1869 peut
1060 1818 1149 1858 6116
1180 1817 1361 1870 regarde
1392 1828 1555 1857 comme
1587 1829 1672 1858 une
1703 1829 1808 1858 ven-

234 1894 392 1936 366666
411 1882 633 1922 6166116516
653 1882 704 1922 (16
718 1882 839 1922 Dieu.
860 1883 940 1923 Gar
959 1895 1067 1923 nous
1088 1895 1235 1922 savons
1251 1882 1377 1935 qu’en
1391 1882 1634 1924 differentes
1652 1883 1814 1935 parties

234 2083 338 2129 dico,
365 2082 544 2121 inimicos
575 2083 699 2120 crucis
731 2083 882 2128 Christi,
905 2095 1002 2131 quo·
1042 2084 1179 2130 capite,
1209 2088 1246 2120 ct
1275 2084 1390 2120 nudis
1420 2084 1580 2131 pedibus
1611 2084 1812 2129 incedens,

234 2141 321 2168 rum
342 2133 442 2167 Deus
476 2135 606 2168 venter
636 2135 704 2177 est,
740 2135 776 2167 et
805 2130 925 2178 gloria
964 2132 1003 2168 in
1045 2133 1155 2179 pauci
1178 2142 1265 2168 eum
1286 2132 1404 2168 secuti
1431 2136 1540 2177 sunt;
1562 2131 1697 2177 sed,ut
1715 2141 1813 2169 nun-

238 2178 477 2217 eonl'usione.
504 2193 517 2211 ι»
1046 2179 1120 2216 tius
1150 2180 1276 2216 retulit
1310 2179 1469 2216 Davidi:
1513 2192 1527 2211 «
1567 2179 1659 2215 Toto
1698 2179 1813 2216 corde

255 2240 259 2244 ’
288 2226 354 2263 nis
374 2226 545 2263 crucifixi
578 2225 869 2273 sanguinolenta
894 2227 1006 2262 vestis
1045 2228 1242 2264 universus
1280 2227 1393 2263 Israel
1433 2237 1473 2263 56
1501 2225 1659 2264 uebatur
1690 2225 1811 2263 Absa-

241 2277 300 2311 est
319 2274 360 2311 in
379 2275 546 2319 signum,
562 2274 625 2310 sed
646 2275 683 2310 in
705 2274 856 2320 signum
878 2275 939 2310 cui
960 2274 1006 2310 ab
1048 2276 1124 2311 lon.
1150 2291 1163 2309 »
1189 2275 1250 2312 Sic
1269 2279 1306 2311 et
1325 2274 1437 2311 modo
1458 2275 1483 2310 C
1498 2274 1648 2310 iristum
1673 2284 1810 2311 ascen-

240 2321 335 2359 isis
372 2321 675 2365 contradicitur;
705 2331 793 2368 quia
832 2322 1007 2366 luxuriis,
1046 2323 1198 2359 dentem
1248 2322 1521 2367 lerosolymam
1571 2321 1680 2367 pauci
1719 2331 1811 2359 cum

242 2379 264 2407 e
293 2368 500 2415 rietatibus,
547 2368 923 2413 debacchationibus,
974 2375 1009 2405 et
1048 2370 1310 2417 compassione
1329 2369 1573 2415 comitantur,
1595 2369 1659 2405 sed
1711 2369 1810 2407 otius

241 2416 328 2454 aliis
347 2417 512 2464 peccatis
530 2417 609 2453 suis
629 2427 776 2453 rursum
798 2417 869 2453 sibi
890 2417 1008 2453 cruei-
1051 2418 1248 2463 Mundum,
1269 2418 1443 2461 Carnem,
1464 2418 1655 2461 Sabinam,
1689 2417 1811 2454 {bristi

243 2464 365 2511 figunt
385 2465 519 2501 Filium
537 2464 601 2501 Dei
614 2469 650 2500 et
664 2465 827 2501 ostentui
853 2464 1005 2508 habent,
1045 2466 1189 2510 juratos
1210 2466 1348 2511 hostes,
1373 2469 1448 2501 toto
1469 2465 1580 2501 corde
1600 2469 1813 2511 sequuntur

242 2512 544 2559 sanguinemque
579 2512 791 2549 testamenti
846 2512 1007 2548 olintum
1050 2514 1200 2559 illisque
1221 2513 1493 2559 obsequuntur.
1515 2511 1566 2550 Ac
1592 2512 1691 2549 sicut
1720 2517 1811 2550 tune

243 2559 389 2597 ducunt
421 2566 457 2597 et
487 2559 728 2597 conculeant.
755 2560 808 2596 110
838 2559 872 2596 ie
905 2560 1007 2595 enim
1047 2561 1314 2597 ascendentem
1362 2559 1538 2596 Davidem
1592 2563 1812 2606 persecutus

244 2607 361 2645 Filius
384 2608 447 2644 Dei
468 2607 560 2645 dicit
579 2618 618 2645 se
637 2607 840 2644 ascendere
859 2608 1007 2643 ,161050-
1048 2613 1101 2643 est
1122 2609 1257 2653 Semei,
1281 2607 1523 2650 maledicens,
1546 2611 1583 2643 et
1606 2607 1749 2653 lapides
1769 2607 1811 2645 in

244 2654 403 2702 imam,
426 2660 465 2692 ut
494 2655 647 2693 inchoet
680 2654 856 2701 mysteria
886 2655 1009 2692 crucis
1048 2666 1133 2691 cum
1155 2656 1321 2692 mittens.
1342 2655 1402 2692 Sic
1434 2654 1602 2702 plerique
1637 2655 1694 2691 bis
1727 2654 1814 2693 die·-

246 2707 285 2740 et
317 2703 503 2750 passionis
535 2713 639 2747 suan
674 2702 744 2749 ipsi
779 2713 863 2739 vero
902 2702 1007 2739 obliti
1050 2702 1117 2739 bus
1168 2702 1358 2740 ebrietatis
1416 2701 1540 2739 surore
1591 2701 1812 2749 impellente

246 2751 419 2787 omnium
449 2751 735 2794 beneficiorum.
756 2750 837 2797 ejus
869 2760 909 2786 se
939 2750 1007 2786 ad-
1049 2751 1232 2794 rixantur,
1263 2751 1406 2797 Jurant,
1431 2749 1709 2796 blasphemant,
1731 2759 1809 2787 ma-

243 2797 411 2844 jungunt
442 2798 745 2842 crucifixoribus,
777 2797 887 2845 eique
916 2796 1006 2833 illu·
1049 2798 1237 2834 indicunt·
1260 2798 1366 2834 etita
1387 2797 1576 2834 Christum
1606 2797 1810 2835 bominum

246 2845 356 2890 dunt,
389 2846 480 2883 dum
518 2846 601 2883 sine
633 2846 749 2883 l'raeno
783 2846 823 2882 in
856 2849 1006 2892 peccata
1048 2827 1383 2891 velutquibusdam
1400 2844 1589 2892 lapidibus
1604 2845 1808 2892 impetunt.

249 2893 462 2948 praecipites
500 2898 605 2931 eunt.
634 2895 757 2938 Quum
788 2892 1008 2930 ascenderet.
1045 2893 1199 2939 ejtisque
1219 2892 1366 2930 dolores
1387 2898 1423 2929 et
1444 2893 1598 2930 vulnera
1611 2895 1812 2931 renovante

254 2952 269 2971 ι
294 2941 408 2978 David
439 2958 453 2976 ι
480 2946 648 2979 montem
684 2954 703 2976 a
733 2940 868 2978 oliveti
896 2955 911 2975 a
943 2940 1005 2977 fu·
1044 2940 1114 2977 Sed
1135 2951 1213 2977 non
1234 2940 1316 2978 sine
1337 2941 1537 2978 manifesta
1558 2940 1623 2978 Dei
1644 2940 1809 2978 vindicta

249 2986 356 3032 glens
374 2999 395 3025 a
416 2988 511 3027 racio
531 2989 742 3035 Absalonis,
764 2991 858 3026 nens
876 2991 1005 3035 operto
1046 2987 1125 3026 hmo
1150 2987 1376 3036 quandoque
1410 2988 1481 3026 hoe
1513 2993 1681 3036 tempore
1711 2992 1809 3026 eon-
