1858 3146
10 563 24 604 ἰ

0 736 19 778 11²

0 781 19 878 1

0 875 39 1236 ἐς

450 162 658 201 66616666
686 169 898 200 murrone
927 161 1052 200 Arnas
1079 159 1353 202 L'ssmrnmm.
1630 156 1698 204 7Ιῖ

120 246 239 289 avoir
257 249 396 290 donne
432 249 570 302 616161
586 261 646 288 un
663 248 803 289 blame
824 247 978 299 qu’une
997 249 1291 299 approbation.
1315 251 1428 289 Vous
1461 250 1573 292 direz
1605 263 1681 292 66-

119 324 229 363 core,
251 314 355 366 qu'il
392 327 445 355 ne
465 313 620 354 semble
647 325 722 365 pas
749 312 1006 352 convenable
1026 314 1051 351 6
1070 324 1192 353 66656
1230 313 1281 353 (16
1314 325 1359 353 56
1391 315 1608 367 virginite‚
1630 316 1682 358 de

118 390 318 431 supposer
332 392 412 432 que
426 379 531 419 saint
544 379 565 419 J
570 389 649 418 ean
666 389 707 417 56
722 377 801 417 5611
814 377 962 417 marie.
972 377 1023 417 Et
1037 377 1168 427 enfin,
1184 389 1279 431 que,
1297 378 1402 418 dans
1417 391 1463 419 ce
1478 392 1559 429 665,
1571 381 1700 422 saint·

116 443 220 484 1666
240 445 376 484 aurait
395 444 501 484 suivi
522 443 574 482 de
593 443 700 482 56116
719 442 757 483 16
778 442 893 482 divin
913 442 1063 483 Maitre
1083 446 1125 482 et
1144 443 1380 496 cependant
1410 456 1515 484 nous
1546 446 1680 487 lisons

117 507 298 549 (1665165
317 509 470 549 saintes
489 500 715 556 Eoritures,
737 506 839 559 qu’il
858 519 910 547 ne
931 507 987 547 l’a
1014 507 1122 547 suivi
1154 521 1235 561 que
1267 508 1457 561 lorsqu’il
1494 509 1680 563 l'appcla

115 584 216 613 avec
235 586 310 614 566
329 574 452 622 frere,
469 585 540 612 sur
559 573 618 612 les
637 572 761 613 bords
776 573 826 612 de
846 573 885 612 la
905 584 995 612 mer
1009 573 1060 613 de
1080 573 1318 624 Tiberiade,
1335 576 1391 614 ou
1404 574 1433 614 il
1453 575 1512 615 les
1530 577 1682 616 trouva

114 638 430 678 incommodant
450 637 560 677 leurs
580 637 702 677 filets.

167 703 230 743 On
250 704 349 755 peut
368 702 571 754 repoudre
591 714 672 754 que
692 703 802 742 saint
829 703 934 742 Jean
968 702 1031 742 sut
1053 705 1202 755 appele
1236 703 1347 743 deux
1378 704 1471 744 fois.
1494 706 1551 744 La
1583 717 1679 757 pre-

111 766 240 807 miere
257 767 349 816 fois,
370 770 395 807 6
414 779 477 807 565
496 778 641 816 66665;
665 767 703 807 16
723 768 898 807 seconde
919 768 1010 815 fois,
1035 769 1188 820 aupres
1207 768 1257 808 de
1277 781 1323 808 56
1341 769 1515 822 barque.
1540 770 1668 818 Quol-

110 843 315 884 ques-uns
334 832 405 872 des
425 834 590 884 apotres
611 833 754 872 furent
778 833 1025 873 reellement
1045 833 1210 885 appeles
1243 834 1354 884 deux
1375 834 1469 873 fois.
1493 836 1556 875 On
1575 840 1680 888 pcut

108 898 318 948 repondre
339 909 503 946 encore,
528 910 610 949 que
630 897 668 938 le
689 898 880 949 mariage
907 899 976 937 n'a
1007 899 1127 950 point
1160 899 1234 938 nui
1266 901 1290 938 ὲ,
1322 900 1360 938 16
1393 899 1595 951 virginite
1627 900 1679 940 (16

107 961 219 1001 saint
237 963 358 1013 1666,
379 962 578 1015 puisqu'il
598 966 658 1002 651
679 966 786 1002 reste
807 964 951 1015 vierge
969 963 1103 1015 66665,
1127 975 1290 1003 comme
1310 965 1340 1003 il
1373 964 1505 1004 l'etuit
1536 970 1676 1007 avaut.

107 1026 170 1066 On
187 1030 289 1079 peut
307 1028 514 1080 repondre
534 1027 648 1067 enfin
669 1027 797 1080 qu’en
818 1028 1015 1081 appelant
1034 1029 1145 1069 saint
1177 1029 1283 1070 ,1666
1317 1042 1370 1068 66
1403 1034 1594 1070 moment
1626 1030 1679 1071 (16

106 1103 170 1132 565
190 1103 326 1142 66665,
351 1093 712 1145 Notre-Seigneur
733 1093 802 1132 n’a
824 1106 896 1146 pas
915 1106 1021 1146 pour
1041 1094 1127 1133 cela
1159 1095 1365 1146 reprouve
1396 1094 1435 1134 16
1467 1095 1675 1147 mariage,

106 1155 211 1208 qu’il
230 1169 256 1196 6
275 1157 402 1197 voulu
423 1169 475 1198 66
497 1159 632 1198 meme
656 1164 788 1211 temps
809 1164 850 1198 61
870 1159 908 1198 16
927 1159 1195 1199 56661166661·
1228 1163 1270 1198 61
1301 1162 1488 1199 monti-er
1520 1172 1601 1212 que
1634 1159 1675 1200 la

106 1221 306 1273 virginite
326 1223 428 1262 61611
447 1223 698 1274 preferable.

160 1286 372 1327 Plusieurs
392 1290 562 1327 auteurs
581 1291 760 1340 pensent
780 1300 860 1340 que
881 1300 926 1328 ce
947 1288 1025 1328 fait
1043 1300 1068 1328 a
1086 1290 1152 1328 ete
1173 1288 1391 1328 l’occasion
1412 1289 1465 1328 (16
1490 1288 1531 1328 16
1552 1301 1675 1330 66656

105 1350 157 1392 (16
177 1363 224 1392 66
243 1351 384 1392 decret
402 1354 456 1392 du
478 1353 588 1392 droit
602 1353 829 1405 pontifical,
852 1353 923 1406 qui
945 1354 1145 1405 enseigne
1159 1366 1243 1406 que
1264 1354 1322 1393 les
1341 1356 1478 1406 epoux
1492 1359 1677 1406 peuvcnt

103 1418 224 1469 apres
243 1417 283 1456 la
303 1417 558 1456 celebration
578 1418 634 1458 du
655 1418 859 1470 mariage,
884 1419 988 1457 mais
1009 1424 1136 1458 avant
1154 1430 1199 1457 56
1221 1420 1570 1467 66656616161166,
1588 1431 1675 1460 661-

101 1481 264 1522 brasser
282 1481 398 1522 l'etat
417 1482 626 1534 religieux
645 1494 696 1522 ou
720 1482 819 1522 d’un
841 1495 1039 1522 commun
1061 1484 1206 1523 accord
1231 1483 1336 1523 faire
1368 1495 1465 1523 voeu
1500 1483 1550 1523 de
1582 1485 1668 1524 vir-

102 1546 236 1598 ginite
255 1552 297 1587 et
317 1550 450 1586 rester
470 1547 651 1599 vierges.

152 1612 265 1652 Nous
284 1616 485 1653 trouvons
505 1612 608 1652 (1665
640 1607 810 1665 l'Eglise
830 1614 854 1652 6
886 1613 1067 1666 laquelle
1099 1626 1204 1653 nous
1236 1626 1367 1654 avons
1399 1614 1436 1653 le
1474 1614 1670 1655 116611661-

99 1674 398 1729 (1’666(6·16611·,
422 1677 707 1729 aujourd'hui‚
731 1691 836 1718 nous
856 1681 1058 1718 trouvons
1077 1678 1148 1718 des
1177 1681 1317 1730 epoux
1349 1681 1374 1718 6
1404 1679 1478 1731 qui
1511 1679 1614 1719 Dieu
1647 1692 1672 1720 6

96 1740 256 1794 inspire
277 1742 436 1795 l’esprit
455 1743 506 1783 de
530 1745 652 1794 grece
672 1747 715 1783 et
735 1743 786 1783 de
806 1743 990 1783 chastete
1011 1748 1138 1783 avant
1153 1743 1202 1782 de
1224 1745 1373 1796 perdrc
1394 1743 1435 1783 16
1449 1744 1670 1796 virginite.

97 1806 152 1847 Se
171 1808 368 1860 separant
387 1807 438 1848 de
457 1820 578 1860 corps
609 1812 650 1848 et
681 1820 766 1848 non
799 1808 851 1848 de
882 1808 1093 1857 domicile,
1116 1808 1166 1848 ils
1199 1812 1274 1849 ont
1304 1811 1501 1850 conserve
1536 1810 1670 1850 intact

92 1871 186 1912 leur
204 1872 420 1924 virginite.
442 1874 669 1926 Eunuques
700 1866 1028 1926 Evangeliques,
1056 1873 1281 1914 librement
1314 1878 1452 1915 sevres
1489 1875 1542 1914 de
1576 1876 1669 1915 tout

92 1935 236 1989 plaisir
266 1938 451 1987 charnel,
472 1951 578 1991 pour
611 1951 774 1991 gagner
793 1939 831 1979 le
849 1939 938 1984 ciel,
964 1939 1013 1979 115
1050 1942 1121 1979 661
1159 1941 1279 1991 passe
1316 1952 1371 1979 66
1411 1939 1556 1980 milieu
1595 1939 1667 1980 des

93 2001 284 2042 flammes
300 2015 396 2043 5665
415 2015 468 2043 66
488 2004 576 2043 etre
597 2004 783 2044 touches.

93 2171 172 2204 tum
209 2167 457 2212 dissolvisset,
490 2168 691 2215 reprobare
731 2169 855 2215 potius
896 2169 1096 2215 praesentia
1115 2168 1234 2205 voluit
1253 2167 1476 2215 approbare,
1493 2173 1529 2205 et
1549 2169 1665 2206 simu-

90 2213 184 2251 illud
229 2215 427 2262 videretur,
474 2226 587 2262 quam
633 2216 851 2270 approbare.
897 2216 1147 2262 virginitatem
1162 2227 1242 2252 csse
1263 2216 1562 2263 praestantiorem
1578 2217 1662 2263 cdo,

90 2261 234 2299 Deinde
260 2263 331 2300 hoc
365 2263 567 2310 virginitati
587 2263 744 2300 loannis
776 2274 853 2300 non

89 2309 233 2346 videtur
277 2320 484 2357 congruere
499 2340 508 2355 ,
548 2311 647 2357 quod
698 2321 852 2348 uxorem

88 2356 248 2394 duxerit.
288 2358 455 2404 Denique
505 2359 671 2395 Joannes
726 2359 851 2395 statim

88 2403 277 2442 Christum
311 2410 401 2442 1666
431 2411 582 2442 5666165
612 2406 744 2443 fuisset
771 2417 779 2443 :
814 2406 851 2444 id

87 2461 174 2490 vero
193 2458 320 2499 postca
340 2453 476 2500 legitur
506 2454 653 2499 fecisse,
675 2463 763 2491 cum
784 2465 849 2491 vo-

87 2502 191 2537 catus
209 2505 264 2536 est
283 2511 373 2538 cum
391 2501 504 2538 fratre
527 2501 666 2538 Jacobo
687 2512 731 2538 ex
754 2502 848 2538 mari

85 2545 308 2593 Tiberiadis,
322 2549 387 2586 ubi
402 2548 621 2586 reficiebant
642 2549 744 2586 retia.
763 2549 848 2586 Res-

84 2594 243 2640 ponderi
277 2600 410 2643 potest,
439 2596 626 2634 loannem
658 2596 715 2633 1115
737 2606 847 2634 vocu-

85 2643 180 2686 tum,
200 2643 316 2681 semel
337 2654 356 2680 e
377 2645 534 2691 nuptiis,
556 2647 684 2692 postea
703 2655 724 2681 e
747 2645 848 2681 navi-

87 2684 184 2734 cula,
203 2689 258 2728 sio
290 2696 327 2728 et
360 2691 477 2739 aliqui
498 2702 543 2728 ex
573 2692 757 2738 Apostolis
792 2692 847 2729 bis

86 2737 206 2785 vocati
223 2737 339 2775 fuere.
361 2738 572 2786 virginitati
593 2743 718 2776 autem
738 2740 846 2776 ,1666-

86 2781 148 2837 615
182 2786 399 2833 eonjugium
438 2798 517 2824 non
554 2786 729 2831 detrahit,
759 2788 847 2834 quia

87 2827 192 2884 111661
209 2836 245 2869 et
272 2837 359 2871 6616
379 2839 415 2871 61
435 2839 518 2881 post
546 2835 699 2882 nuptias
718 2845 845 2871 serva-

85 2881 152 2913 Vlt-
179 2875 347 2918 christus
382 2892 470 2919 vero
506 2883 693 2919 ioannem
730 2883 763 2919 si
799 2892 842 2919 ex

85 2924 238 2981 nuptiis·
256 2929 410 2975 meavit,
434 2939 513 2967 non
545 2935 742 2978 propterea
761 2940 845 2967 ma-

85 2976 308 3012 trimommn
331 2976 559 3023 reprobavit,
579 2977 644 3016 sed
663 2976 759 3014 illud
779 2987 846 3015 sua

893 2273 989 2300 cerc.
1015 2263 1120 2301 Unde
1151 2264 1291 2300 sactum
1327 2269 1460 2310 putant
1494 2265 1663 2310 quidamt

892 2311 990 2358 quod
1020 2312 1106 2357 jure
1137 2311 1332 2358 pontificio
1362 2311 1590 2357 decernitur,
1621 2311 1690 2356 ul¹

892 2364 973 2405 post
994 2359 1279 2395 matrimonium
1304 2363 1437 2403 ratum,
1455 2364 1543 2396 6616
1564 2370 1660 2396 666-

890 2407 1198 2450 summationem,
1240 2407 1462 2453 religionem
1512 2407 1689 2453 possint*

891 2454 1036 2501 ingredi
1074 2454 1270 2500 conjuges,
1303 2458 1366 2490 661
1402 2459 1532 2490 616166
1571 2464 1659 2491 606-

888 2512 1001 2539 56656
1044 2502 1298 2548 virginitatem
1350 2502 1474 2538 colere
1516 2506 1550 2538 et
1589 2511 1659 2539 vo-

889 2560 986 2586 vere.

937 2597 1053 2644 tlujus
1093 2597 1146 2633 rei
1184 2607 1262 2633 non
1300 2596 1438 2632 desunt
1476 2595 1657 2642 pra-:tara

886 2643 1654 2692 exemplainecclesianova,Deospiritum

885 2693 1013 2738 gratiae
1046 2698 1080 2729 ct
1111 2692 1289 2728 castitatis
1309 2689 1534 2737 conjugibus
1559 2700 1652 2738 sug-

885 2745 1051 2786 gerente,
1067 2744 1268 2785 antequam
1291 2738 1483 2785 virginitas
1502 2738 1652 2786 dispen—

884 2787 989 2824 dium
1010 2791 1210 2834 patcrctur.
1234 2786 1279 2821 Et
1301 2785 1397 2823 11666
1422 2785 1540 2833 aliqui
1563 2787 1650 2824 tho-

885 2845 940 2879 ro,
962 2839 1041 2871 non
1068 2839 1193 2870 tamen
1223 2833 1516 2877 cohabitatione,
1537 2844 1650 2888 sepa-

886 2882 954 2918 rati
975 2883 1160 2928 integram
1180 2887 1463 2927 conservarunt,
1480 2891 1587 2927 quast
1605 2881 1650 2920 in

884 2930 970 2984 igne
1003 2929 1126 2975 illaesi,
1165 2938 1251 2965 vere
1282 2927 1447 2966 eunuchi
1476 2929 1648 2978 Evange—

884 2977 961 3023 1161,
983 2975 1032 3014 ob
1051 2986 1210 3023 reguum
1229 2975 1412 3014 coelorum
1432 2987 1472 3013 se
1485 2981 1649 3014 castran-
