1858 3146
0 1159 14 1230 <,-,=[
0 956 18 1130 ῥυῇ-«518.-
0 875 14 932 *df*
4 844 7 852 w
5 819 8 823 ·
4 770 13 782 ·.

62 94 63 98 ,
113 67 135 94 ’3

67 98 81 106 ..

6 141 25 160 ⁰!
47 119 63 157 ι,
86 122 108 147 ξ

15 167 19 174 ¹
36 173 51 180 i<

20 183 26 190 f

2 195 31 282 Ἃ

15 290 20 297 t

5 301 23 322 ’4,

9 329 20 341 τ.

1581 175 1661 216 Μ

95 264 268 307 &ahora
296 267 502 317 quarente
526 265 649 317 jours
676 266 701 306 εὶ
727 264 860 317 partit
890 264 942 304 de
977 263 1243 316 l'Epiphanie
1280 264 1385 304 dans
1424 277 1483 304 un
1524 263 1660 316 grand

94 330 250 373 silence
283 334 326 370 et
361 330 462 369 (1888
491 341 575 370 une
611 331 754 371 severe
796 329 1057 378 abstinence,
1099 341 1142 368 88
1178 331 1426 369 contentant
1461 329 1515 369 de
1555 328 1666 380 pain,

93 398 137 436 81
154 394 279 435 d'eam
297 394 359 434 :.i1
376 394 571 434 honorait
590 394 698 434 ainsi
716 394 756 434 18
771 394 902 445 jeune
921 394 972 434 de
994 395 1349 446 Notre-Seigueur
1376 393 1666 435 Jesus-Christ

94 460 166 512 qui
195 458 306 500 avait
334 461 571 498 commence
603 461 628 498 a
658 459 700 499 la
730 460 865 500 meme
897 460 1076 511 epoque‚
1096 461 1218 511 apres
1251 471 1327 498 son
1359 459 1553 510 bapteme
1585 459 1665 511 qui.

90 525 205 565 avait
221 536 274 564 eu
292 523 377 563 lieu
396 523 435 563 le
453 525 477 562 6
497 524 683 564 Janvier.
706 524 740 564 Il
752 523 814 564 dit
834 535 914 576 que
934 536 996 564 ses
1017 525 1148 563 freres
1168 524 1256 575 qui,
1278 536 1329 563 en
1364 524 1592 563 l'honneur
1614 527 1667 564 81,

90 591 116 630 a
134 588 351 640 l'excmple
372 588 423 628 (18
442 589 463 628 J
469 589 730 637 esus-Christ,
754 588 1065 628 observeraient
1085 601 1131 628 ce
1163 590 1307 640 J'eune,
1333 589 1518 627 seraient
1536 587 1658 628 benis

88 653 145 694 du
165 653 385 704 Seigneur.
407 653 579 693 Ensuite
598 653 808 694 suceedait
826 654 864 693 18
885 655 1048 694 careme
1063 666 1145 706 que
1159 654 1348 706 l’Eglise,
1365 665 1418 692 en
1431 653 1654 692 l'honneui:

88 718 200 760 (1818
220 718 386 758 Pession
405 718 460 757 du
483 718 706 770 Seigneur,
727 719 899 758 observe
918 719 1084 771 jusqu'a
1103 720 1144 758 la
1173 719 1257 758 sete
1289 718 1340 758 de
1361 718 1401 757 la
1424 719 1658 757 Resurrec-

86 783 192 823 tion.
214 784 274 823 En
293 786 429 831 outre,
450 783 597 835 depuis
615 784 657 823 la
686 784 978 824 Resurrection
1009 789 1051 824 et
1081 784 1227 836 depuis
1259 785 1438 834 Paques‚
1462 783 1490 822 il
1516 782 1656 822 s'assi-

89 848 208 901 38811
226 860 283 887 un
302 849 465 888 careme
478 860 584 900 pour
604 860 646 888 se
665 851 864 900 preparer
884 851 909 888 8
929 850 969 888 la
997 850 1082 889 sete
1113 849 1164 888 de
1194 850 1235 888 la
1266 849 1460 888 descente
1481 848 1533 886 (18
1551 847 1665 887 l'Es-v

84 913 318 966 [πῆ-881111.
341 913 527 962 Ε888118,
551 914 579 952 11
601 914 836 953 consacrait
857 918 1064 966 quai-ante
1085 917 1224 954 autres
1240 914 1360 966 jours
1374 913 1658 953 d’abstinence

83 989 138 1020 on
156 977 381 1018 l'honneur
400 977 450 1018 de
467 982 563 1017 tous
582 979 642 1018 les
661 980 842 1031 apolres,
864 983 1031 1019 surtout
1050 980 1101 1019 de
1122 981 1234 1019 saint
1255 979 1396 1019 Pieri-e
1415 982 1457 1018 et
1478 978 1529 1018 de
1543 977 1657 1017 saint

83 1043 203 1084 Paul.
235 1043 270 1083 ll
302 1055 345 1083 88
375 1043 620 1095 prescrivait
657 1044 708 1083 de
746 1056 941 1087 nouveau
974 1058 1031 1084 un
1060 1046 1189 1096 jeune
1222 1045 1273 1084 de
1307 1047 1512 1097 quarente
1535 1044 1659 1094 jouro

83 1108 230 1160 depuis
248 1108 339 1147 leur
359 1108 442 1148 sete
457 1109 628 1160 jusqu’a
657 1110 760 1149 celle
787 1110 838 1149 de
870 1110 1168 1162 l'Assomption
1199 1122 1252 1150 en
1286 1110 1511 1149 l’honneur
1541 1108 1592 1148 de
1612 1108 1659 1150 lm

81 1173 393 1214 Bienheureuse
428 1174 597 1224 vierge.
629 1174 765 1222 Enfin,
789 1176 909 1226 apres
934 1176 974 1215 la
1005 1176 1089 1214 fele
1121 1175 1171 1214 dc
1204 1175 1244 1214 la
1275 1175 1408 1214 sainte
1429 1165 1659 1224 vierge‚‘il

78 1237 247 1290 jeunait
265 1250 324 1277 un
343 1241 463 1278 autre
484 1240 646 1278 careme
666 1251 718 1279 en
739 1239 962 1279 l’honneur
991 1241 1042 1280 (18
1074 1242 1186 1280 saint
1217 1240 1370 1279 Michel
1400 1242 1442 1278 81
1474 1239 1525 1278 (18
1559 1243 1659 1280 tous

82 1302 148 1345 188
164 1303 294 1342 saints
314 1304 470 1354 Auges.
494 1304 556 1343 En
576 1306 862 1355 recompensa,
882 1305 913 1343 il
932 1308 1048 1356 recut
1069 1307 1093 1343 a
1113 1306 1154 1344 la
1185 1305 1241 1344 fin
1273 1305 1324 1344 de
1355 1316 1402 1344 ce
1429 1303 1561 1356 jeune
1591 1303 1658 1344 188

81 1368 212 1409 saints
233 1367 451 1419 stigmates
471 1368 601 1420 qu’un
623 1369 830 1421 Seraphin
851 1370 1048 1422 imprima
1067 1382 1138 1409 sur
1169 1382 1244 1408 son
1278 1382 1398 1421 corps
1429 1381 1482 1408 en
1503 1369 1543 1408 18
1562 1369 1654 1409 feto

81 1432 134 1472 de
151 1431 419 1471 l'lcxaltation
439 1432 491 1472 de
510 1434 552 1472 18
571 1434 715 1473 Sainte
735 1435 873 1482 Croix,
897 1447 967 1474 sur
987 1435 1024 1474 18
1045 1438 1165 1474 mont
1184 1436 1381 1481 Alverne‚
1403 1436 1458 1473 ou
1478 1434 1516 1474 18
1542 1434 1652 1475 saint

78 1495 216 1536 s’etait
244 1497 371 1536 retire
402 1509 510 1548 pour
542 1510 584 1537 88
610 1498 736 1538 livrer
764 1501 790 1538 a
820 1499 860 1538 la
894 1500 1029 1551 priere
1060 1503 1103 1539 81
1134 1502 1159 1539 a
1191 1500 1478 1539 l¹abstinence.
1514 1498 1648 1548 Ainsi,

77 1573 186 1614 pour
214 1560 399 1600 honoret
430 1573 476 1601 88
508 1562 684 1602 nombre
717 1564 941 1615 mystique‚
966 1564 997 1603 il
1027 1565 1265 1616 partageait
1298 1566 1334 1604 la
1369 1565 1461 1616 plus
1492 1563 1652 1615 grande

523 186 702 217 88811188
729 186 944 217 muricus
971 186 1023 215 88
1054 177 1234 216 munuc.

77 1625 214 1678 partie
231 1624 283 1664 de
304 1625 466 1666 l'annee
498 1638 550 1666 88
584 1628 898 1680 quai-antuines,
923 1629 1036 1668 l'une
1069 1642 1122 1669 en
1155 1630 1378 1668 l'honneur
1411 1629 1467 1668 du
1497 1628 1650 1676 Christ,

0 1957 10 2039 ὲ

77 1689 226 1731 l'autre
245 1701 299 1730 en
319 1690 545 1731 l'honneur
565 1694 615 1732 de
635 1705 680 1732 sa
700 1693 828 1742 Mem,
845 1694 1011 1734 celle-ci
1030 1706 1083 1734 eu
1104 1694 1326 1734 l'honneur
1358 1695 1431 1734 des
1462 1696 1649 1746 8801188,

78 1754 236 1796 celle-ta
252 1767 306 1795 88
326 1755 548 1796 l'honneur
567 1757 639 1797 des
657 1770 802 1810 anges.
825 1759 876 1798 Et
897 1759 1028 1807 enfin,
1051 1759 1079 1798 il
1099 1760 1338 1800 continuait
1367 1762 1392 1799 8
1419 1760 1569 1811 jeoner
1594 1771 1651 1799 en

77 1819 303 1861 l'honneur
320 1821 371 1860 de
390 1824 485 1860 tous
503 1822 564 1862 les
586 1822 730 1871 saints,
747 1823 895 1875 depuis
914 1825 1008 1864 leur
1028 1825 1111 1864 fele
1125 1825 1297 1877 jusqu’a
1310 1825 1350 1864 la
1365 1825 1579 1865 naissance
1592 1825 1650 1865 du

79 1885 283 1926 Sauveur.

77 2038 381 2085 quadragesimas
401 2040 659 2077 constitueret.
683 2041 778 2078 Nam
803 2042 842 2078 in

14 2116 18 2124 .
75 2085 210 2133 primis
247 2087 293 2122 ab
325 2087 539 2134 Epiphania
577 2099 643 2134 per
674 2089 720 2126 Δ’(0
764 2090 844 2126 dies

18 2151 19 2154 ¹
71 2133 268 2180 jejimabat
288 2134 327 2170 in
349 2145 486 2181 magno
507 2135 659 2172 silentio
685 2147 843 2182 magna-

0 2202 17 2291 ,ἱ

76 2190 149 2227 que
168 2180 413 2226 abstinentia,
435 2182 515 2219 solo
550 2194 648 2229 panc
680 2189 716 2220 et
747 2195 844 2230 aqua

76 2233 311 2272 contentus;
364 2231 419 2267 sic
458 2231 706 2268 venerabatur
740 2232 842 2278 jeju-

74 2276 183 2314 nium
213 2276 351 2312 Christi
389 2278 555 2322 Domini,
589 2280 680 2324 quia
709 2280 842 2316 eodem

4 2323 12 2359 ζ’
74 2326 243 2370 tempore
263 2324 450 2370 jeJ'unarat
483 2336 571 2362 mox
603 2337 625 2362 a
658 2326 843 2373 baptismo

7 2376 13 2418 j
76 2379 161 2412 suo.
198 2371 263 2416 qui
296 2371 415 2408 fuerat
444 2373 467 2408 6
493 2374 676 2410 januarii.
698 2377 843 2411 Fratres
878 2375 1037 2422 ,innabat
1058 2387 1097 2412 in
1119 2376 1301 2412 honorem
1324 2376 1444 2411 sancti
1481 2375 1649 2413 Michae-

73 2422 199 2455 autem
215 2428 303 2455 suos
324 2419 541 2458 benedictos
561 2421 655 2458 dixit
675 2433 697 2458 a
720 2422 843 2458 Domi·
883 2423 928 2459 tis
948 2428 984 2459 et
1004 2424 1231 2468 Angelorum
1260 2425 1446 2460 omnium.
1472 2423 1575 2460 Unde
1608 2427 1649 2460 81

73 2474 138 2519 no,
159 2466 223 2512 qui
259 2467 396 2503 futuris
429 2468 579 2504 saecuiis
609 2469 711 2505 idem
740 2470 841 2516 jeju-

73 2521 182 2549 nium
195 2512 430 2552 observaturi
451 2516 575 2552 forent
594 2517 640 2552 ad
657 2517 840 2554 honorem

73 2563 111 2598 81
140 2561 358 2608 exemplum
391 2563 478 2599 Jesu
513 2563 665 2600 Christi.
698 2565 842 2602 Deinde

72 2608 297 2645 succedebat
311 2610 611 2656 quadragesima,
630 2621 743 2658 quam
758 2614 841 2650 uni-

73 2655 229 2694 voi-salis
250 2656 417 2693 Ecclesia
438 2657 611 2695 observat
644 2660 684 2696 in
717 2659 841 2697 bono-

70 2704 167 2741 tmm
185 2702 375 2742 Passionis
393 2705 544 2743 Domini
562 2716 680 2752 usque
697 2708 746 2745 ad
763 2708 840 2745 fes-

72 2756 160 2786 aum
197 2749 504 2790 Resurrectionis.
548 2754 712 2792 Ulterius
752 2766 839 2793 mox

73 2803 96 2830 8
137 2795 423 2850 [lesui-rectione
467 2806 503 2838 et
551 2802 730 2840 Paschatc
766 2804 839 2840 sibi

73 2843 327 2924 gonstituebat
371 2847 690 2895 uadragosimam,
706 2860 781 2897 qua
799 2862 838 2888 se

100 2895 302 2943 respiraret
414 2895 551 2934 fesium
581 2902 619 2935 et
648 2898 837 2936 adventus

882 2043 1010 2078 sertim
1033 2042 1129 2078 Petri
1167 2048 1203 2078 et
1233 2042 1352 2086 Pauli,
1373 2042 1468 2078 alios
1500 2043 1548 2080 40
1566 2043 1654 2081 dies

881 2090 1119 2126 abstinentiae
1158 2090 1416 2126 consecrabat..
1451 2090 1593 2127 Rursus
1623 2102 1651 2127 8.

882 2138 975 2174 sesto
997 2138 1149 2173 illorum
1178 2148 1294 2183 usque
1327 2138 1373 2173 ad
1406 2138 1542 2173 festum
1577 2140 1648 2174 As-

882 2186 1110 2231 sumptionis
1131 2186 1170 2220 in
1202 2185 1383 2221 bonorem
1417 2184 1647 2222 Beatissimoe

884 2233 1046 2277 Virginis
1065 2232 1137 2268 sibi
1155 2233 1344 2278 ijuniuin
1379 2232 1648 2278 praescrihebat

882 2282 940 2316 40.
968 2281 1128 2316 dierum.
1167 2282 1350 2326 Denique,
1384 2286 1467 2326 post
1508 2282 1646 2318 festum

884 2328 1391 2381 virginis—quadragesimam
1412 2328 1566 2364 alteram
1583 2328 1650 2374 je-

882 2481 947 2517 pro
968 2472 1124 2517 praemio
1146 2472 1185 2507 in
1206 2472 1282 2507 line
1304 2471 1416 2516 hujus
1432 2471 1569 2516 jejunii
1588 2481 1646 2507 sa·

881 2529 944 2554 cra
963 2519 1108 2564 accepit
1129 2519 1316 2564 stigmata,
1338 2519 1410 2555 Sibi
1436 2528 1502 2564 per
1532 2518 1643 2561 Sera,-

881 2566 987 2612 pbim
1007 2567 1190 2612 impressa
1210 2567 1248 2603 in
1271 2567 1363 2603 sesto
1395 2565 1643 2604 Exaltatiouis

881 2620 1021 2650 sanctae
1040 2614 1184 2656 Crucis,
1205 2614 1295 2650 dum
1316 2614 1358 2650 in
1386 2619 1554 2650 montem
1575 2613 1643 2650 Al-

881 2672 1038 2698 vernum
1082 2662 1263 2698 orationis
1316 2666 1351 2697 et
1400 2661 1647 2699 abstinentia

879 2710 996 2755 gratia
1014 2710 1240 2745 secessisset.
1256 2709 1317 2745 Sic
1329 2709 1422 2744 anni
1434 2708 1641 2747 maximam

878 2757 1085 2803 partemin
1114 2757 1418 2802 quadragesimas
1449 2755 1640 2802 partieba-

879 2809 951 2849 tur,
968 2806 1007 2840 iu
1030 2804 1211 2840 honorem
1225 2804 1378 2847 Christi,
1392 2804 1433 2839 in
1455 2803 1640 2842 honorem

879 2852 1006 2888 Matris
1031 2851 1126 2898 eius,
1147 2852 1188 2888 in
1223 2851 1405 2888 honorem
1436 2851 1638 2897 Apostolo-

876 2909 974 2943 rum,
1003 2899 1046 2935 in
1083 2899 1266 2936 honorem
1297 2899 1544 2946 Angelorum,
1561 2909 1638 2938 nue-

74 2935 381 2993 τιὴ-1188888811.
403 2942 702 2983 Postmodumin
717 2946 835 2983 bono·
876 2957 1022 2983 merum
1055 2946 1158 2983 bunc
1190 2946 1392 2992 mysticum
1423 2950 1635 2985 veneratus.

8 3003 17 3011 ·
71 2992 134 3023 em
165 2994 344 3024 omnium
373 2989 655 3039 Apostolorum,
675 2997 712 3031 et
732 3005 830 3041 prae-
873 2995 924 3031 Ac
951 2997 1141 3041 postremo
1172 2994 1213 3031 in
1247 2993 1432 3032 honoram
1461 2994 1641 3033 omnim
