1858 3146
1661 141 1722 180 ‘13-

149 232 290 273 Saints
309 235 599 272 commencent
617 244 675 271 un
705 230 831 271 ebant
861 229 1159 270 hermonieux.
1179 230 1235 270 Ils
1269 230 1481 270 disaient:
1521 244 1542 268 u
1573 231 1638 271 'l'u
1668 241 1716 269 as

147 298 313 345 vaincu‚
335 297 355 337 J
363 297 492 346 ulien,
515 297 600 344 oui,
621 299 668 335 tu
686 307 731 336 as
750 295 915 345 vaineu,
937 308 957 333 1>
982 295 1042 334 les
1061 294 1236 346 Vierges
1256 295 1529 346 repondaient
1551 309 1559 335 :
1597 310 1618 333 a
1648 295 1713 335 Tu

146 373 189 402 es
208 361 432 410 heureuse‚
450 361 656 408 Basilisse‚
682 363 729 399 tu
748 371 791 399 es
810 359 908 400 bien
939 360 1145 399 heureuse
1176 358 1335 399 d'avoir
1360 359 1500 398 donne
1534 363 1609 399 ton
1643 372 1710 400 as-

146 427 371 466 sentiment
402 429 426 466 a
458 426 529 466 des
560 424 732 465 consens
764 416 998 464 salutaires.
1024 440 1042 461 n
1065 426 1130 465 Un
1152 424 1254 464 livre
1275 426 1336 463 est
1355 424 1478 463 oflert
1497 426 1522 462 a
1552 424 1710 473 Julien,

145 502 200 531 on
221 504 249 543 y
269 491 412 544 voyait
432 491 578 530 ecrites
597 501 649 529 en
669 489 813 530 lettres
833 489 922 529 d’or
936 501 1002 530 ces
1021 490 1283 529 consolantes
1303 489 1467 541 paroles
1485 501 1494 527 :
1516 503 1535 526 (1
1554 489 1576 529 J
1583 488 1708 537 ulien,

145 557 219 609 qui
237 568 313 608 par
332 567 481 596 amour
510 567 617 607 pour
649 555 733 594 moi
765 567 790 594 e.
822 550 1000 607 meprise
1033 555 1092 594 les
1124 555 1313 606 voluptes
1345 554 1396 593 de
1431 554 1470 593 la
1502 557 1626 602 terre,
1650 558 1713 593 est

145 620 261 673 place
299 633 354 660 au
392 620 566 660 nombre
598 619 648 659 de
686 631 793 659 ceux
830 620 902 672 qui
941 632 994 659 ne
1041 631 1084 659 se
1121 619 1318 658 souillent
1354 619 1475 670 point
1510 630 1612 658 avec
1650 618 1711 658 les

144 686 334 733 femmes‚
356 684 547 724 Basilisse
566 687 629 724 est
651 685 820 724 enrolee
839 685 976 736 parmi
995 684 1054 725 les
1074 685 1248 735 Vierges
1280 684 1384 724 dont
1416 684 1546 724 Mai-ie
1580 687 1642 724 est
1670 683 1712 723 la

142 750 288 790 Reine.
327 764 347 788 »
389 752 464 790 Les
493 750 634 790 Saints
671 754 713 789 et
744 750 802 789 les
834 751 1010 802 Vierges
1042 750 1280 802 repondeat
1315 762 1323 788 :
1364 764 1383 787 ι(
1412 748 1710 788 Ainsi-soit-il.

142 814 318 867 (Sur-ius,
341 817 366 856 9
384 814 582 867 lanvier.)
603 829 622 852 n

194 880 330 928 Mors,
353 880 464 919 deux
482 891 628 931 augea
652 882 893 932 presentant
913 892 997 919 aux
1018 881 1130 919 deux
1149 882 1300 932 epoux‚
1325 880 1437 919 deux
1457 890 1707 928 coni-onnes,

139 944 350 997 placerent
369 945 480 985 leurs
500 946 634 984 mains
654 946 810 985 droites
829 945 940 985 l'une
960 946 1064 984 dans
1083 945 1231 985 l’autre
1252 949 1294 985 et
1314 945 1372 985 les
1404 945 1707 984 confirmerent

139 1009 243 1049 dans
263 1010 354 1050 leur
373 1010 618 1050 resolution.
632 1011 684 1050 Et
703 1022 798 1055 eux,
814 1013 905 1049 tout
925 1011 1088 1050 enivres
1107 1010 1158 1050 de
1179 1022 1224 1050 ee
1245 1010 1449 1062 spectacle
1469 1009 1600 1057 divin,
1617 1021 1710 1062 pas-

138 1076 278 1115 serent
296 1075 336 1114 la
356 1076 450 1115 nuit
469 1078 494 1114 a
513 1075 630 1115 louer
653 1076 768 1124 Dieu‚
786 1079 828 1115 et
847 1077 1181 1115 commencerent
1199 1078 1223 1115 a
1239 1076 1352 1126 jouir
1373 1075 1444 1115 des
1466 1074 1633 1127 plaisirs
1655 1074 1709 1115 de

138 1139 264 1180 l'Ame
283 1142 404 1192 apres
423 1141 542 1180 avoir
561 1143 742 1180 renonce
764 1143 788 1180 a
807 1154 913 1181 ceux
932 1142 983 1181 de
1002 1141 1044 1181 la
1070 1141 1202 1181 ehair.
1225 1141 1258 1180 ll
1291 1143 1352 1180 est
1384 1139 1623 1192 impossible
1656 1139 1710 1181 de

138 1208 326 1258 comptor
345 1206 384 1246 le
404 1206 580 1245 nombre
600 1206 758 1245 d’Ames
778 1207 851 1258 qui
872 1207 1087 1246 revinrent
1114 1219 1167 1246 au
1202 1206 1410 1257 Seigneur
1439 1217 1516 1257 par
1547 1205 1708 1246 l’inter·

139 1271 340 1310 mediaire
358 1271 409 1310 de
429 1271 451 1311 J
458 1271 570 1311 ulien
592 1276 633 1310 et
652 1271 690 1311 le
710 1272 886 1311 nombre
907 1272 958 1312 de
980 1272 1155 1322 Vierges
1175 1272 1247 1324 qui
1278 1271 1515 1310 arriverent
1545 1283 1599 1310 au
1631 1270 1709 1311 ciel

138 1347 216 1388 par
234 1335 342 1375 celui
363 1335 414 1375 de
432 1336 639 1375 Basilisse.
656 1337 709 1375 Et
728 1337 835 1375 ainsi
855 1349 898 1376 se
917 1336 1165 1376 realiserent
1185 1336 1245 1375 les
1264 1335 1519 1386 predictions
1538 1335 1704 1376 d’lsa'ie:

143 1413 163 1438 «
179 1401 231 1440 Et
251 1400 292 1440 la
310 1403 420 1440 terre
440 1400 602 1440 deserte
622 1412 726 1439 aura
745 1400 839 1452 plus
860 1400 1084 1450 d'eufants‚
1100 1412 1182 1452 que
1197 1400 1301 1439 celle
1323 1400 1395 1450 qui
1414 1400 1638 1452 possedere.
1650 1412 1706 1439 un

138 1465 260 1505 mari.
284 1479 303 1502 n
323 1465 472 1505 surius
491 1467 663 1504 raconte
683 1468 790 1504 cette
809 1465 982 1504 histoire
1004 1465 1108 1504 dans
1129 1468 1222 1503 tous
1241 1476 1305 1504 ses
1325 1464 1491 1504 details.

190 1530 401 1570 Plusieurs
420 1530 667 1581 interpretes
679 1530 730 1569 de
751 1542 827 1570 nos
840 1530 996 1569 saintes
1018 1522 1227 1570 Eoritures
1252 1532 1430 1582 pensent
1455 1529 1707 1581 cependant,

135 1606 218 1647 que
237 1594 422 1647 l'ApOtre
444 1595 588 1635 Simon
611 1594 650 1634 le
670 1595 925 1635 Chananeen
947 1595 1013 1634 sut
1032 1594 1249 1635 l'heureux
1270 1597 1411 1646 epoux
1426 1595 1499 1634 des
1512 1604 1637 1634 noces
1657 1594 1708 1635 de

134 1660 264 1701 Cana.
280 1659 511 1712 Nicephore
530 1658 620 1711 (liv.
636 1661 745 1708 Vlll,
759 1659 819 1699 eh.
830 1660 931 1712 xx.)‚
947 1659 1210 1700 embrassant
1223 1663 1330 1700 cette
1345 1659 1532 1712 opinion,
1548 1660 1609 1700 dit
1623 1671 1706 1712 que

134 1723 432 1777 l’lmperatrice
451 1724 609 1765 Helene
629 1726 677 1764 111
697 1725 908 1765 convertir
927 1725 968 1764 la
990 1725 1151 1765 maison
1171 1726 1276 1765 dans
1297 1725 1479 1777 laquelle
1499 1725 1560 1765 les
1580 1737 1708 1766 noces

133 1789 187 1829 de
206 1791 322 1830 Cana
340 1790 482 1829 furent
502 1789 709 1830 celebrees
729 1802 782 1830 en
802 1791 965 1830 maison
987 1791 1136 1839 sainte,
1160 1803 1212 1831 en
1239 1790 1395 1843 temple
1426 1792 1620 1830 eousaere
1654 1802 1708 1831 au

135 1854 363 1906 Seigneur.

188 1920 243 1959 Le
263 1932 433 1969 surnom
454 1920 505 1959 de
524 1921 778 1961 Chananeen
798 1920 976 1960 favorise
996 1933 1041 1961 ce
1062 1920 1342 1960 sentiment.ll
1358 1920 1436 1961 tire
1451 1932 1503 1960 en
1519 1920 1619 1960 etl'et
1633 1932 1710 1960 son

136 1984 302 2035 origine
323 1984 374 2024 de
394 1985 435 2024 la
452 1985 551 2025 ville
571 1986 622 2024 de
642 1987 772 2025 Cana.

475 144 684 183 namneum
711 152 924 183 »mucius
951 145 1080 182 APRES
1109 141 1381 182 L’rirlrfflium.

134 2194 194 2227 tus
232 2201 279 2227 ex
308 2196 413 2237 parte
445 2192 666 2229 Sanctorum
685 2203 692 2228 :
714 2207 728 2226 ι
754 2193 898 2237 vicisti,

130 2237 295 2282 lulittae,
319 2239 439 2276 vicisti
458 2255 466 2283 ;
490 2255 504 2273 1
530 2251 576 2276 ex
595 2241 710 2276 choro
732 2241 899 2287 quinque

132 2283 328 2332 virginum
344 2297 375 2323 :u
391 2287 499 2324 Beata
513 2297 566 2331 es,
590 2288 776 2331 Basilissa,
792 2288 898 2325 beuta

132 2333 358 2371 salutaribus
398 2336 642 2372 consentiens
679 2337 848 2373 monitis.
879 2352 893 2370 »

134 2380 322 2428 Datusque
349 2387 404 2418 est
436 2383 531 2419 liber
562 2383 727 2427 Juliano,
750 2384 790 2420 in
825 2394 898 2430 quo

131 2429 256 2465 aureis
289 2429 423 2466 litteris
456 2431 636 2477 scriptum
670 2436 748 2468 erat
770 2442 777 2467 :
799 2447 812 2463 ιι
837 2433 897 2468 Ju-

132 2474 257 2513 lianus
276 2477 339 2523 qui
359 2488 427 2524 pro
450 2488 532 2514 meo
561 2489 690 2515 amore
710 2479 897 2516 mundum

131 2525 374 2571 contempsit,
414 2526 614 2572 deputetur
659 2527 698 2563 in
738 2537 898 2564 numero

130 2580 276 2618 eorum,
316 2573 380 2619 qui
418 2577 506 2610 cuin
552 2574 775 2611 mulieribus
819 2585 896 2611 non

132 2623 219 2655 sunt
250 2619 506 2667 coinquinati3
550 2622 723 2658 Basilissa
756 2622 796 2658 in
831 2633 897 2658 nu-

133 2675 236 2720 mero
253 2667 462 2715 virginum,
479 2679 638 2716 quarum
660 2670 776 2706 Maria
798 2674 897 2706 tenet

133 2715 403 2796 grincipatum.
454 2730 468 2749 ι
535 2717 896 2764 Responderuntque

162 2759 244 2798 hori
266 2773 274 2798 :
297 2775 310 2794 α
335 2764 464 2809 Amen,
493 2764 625 2801 Amen.
644 2780 659 2799 ι
683 2765 790 2802 Tunc
819 2766 895 2802 Au-

132 2807 208 2890 geli
225 2809 299 2847 duo
319 2811 411 2847 duas
431 2821 592 2848 coronas
622 2812 822 2849 afferentes
842 2813 896 2848 eis

160 2859 303 2894 exteras
327 2858 549 2905 junxerunt,
572 2864 609 2896 et
634 2860 674 2896 in
704 2861 896 2907 proposito

134 2902 418 2943 confirmarunt.
453 2907 514 2944 Sic
553 2907 740 2954 reliquum
773 2908 896 2944 noetis

134 2948 176 2986 iu
195 2949 304 2990 laude
321 2954 585 3002 transigentes,
607 2960 803 3003 coeperunt
823 2955 897 3002 spi·

939 2194 1025 2238 ritu,
1049 2204 1127 2230 non
1148 2205 1262 2230 carne
1284 2193 1526 2230 fructificare.
1551 2194 1627 2231 Nec
1646 2194 1708 2230 di—

938 2241 1128 2277 numer-ari
1164 2246 1321 2287 possunt
1354 2242 1493 2277 auiinae
1521 2251 1604 2287 quae
1642 2252 1708 2288 per

936 2289 1129 2325 lulianum
1152 2288 1477 2335 praemittebantur
1506 2290 1552 2324 ad
1585 2289 1710 2326 Domi-

939 2346 1044 2380 num,
1087 2347 1156 2372 nec
1195 2338 1348 2383 agmina
1378 2337 1593 2382 Virginum,
1624 2346 1709 2384 quae

937 2395 1002 2430 per
1042 2384 1256 2420 Basilissum
1302 2384 1628 2431 praemittebantur
1665 2384 1708 2421 iu

936 2432 1089 2468 coelum.
1106 2433 1165 2469 Sic
1187 2433 1297 2469 multi
1319 2432 1387 2468 tilii
1407 2432 1565 2468 desertae
1585 2432 1706 2479 magis

936 2490 1050 2525 quani
1082 2481 1163 2525 ejus
1194 2490 1278 2526 quae
1313 2479 1422 2515 habet
1445 2479 1565 2515 virum
1588 2483 1627 2516 ut
1647 2490 1707 2517 va-

937 2527 1114 2564 ticinatus
1127 2532 1183 2563 est
1197 2528 1326 2564 isaias.
1344 2528 1397 2562 lta
1419 2527 1458 2562 in
1482 2527 1555 2563 vita
1573 2537 1706 2564 eorum

935 2575 1034 2621 apud
1057 2575 1223 2611 Surium.

984 2623 1054 2659 Alii
1075 2622 1453 2668 dixeruntSponsum
1474 2621 1515 2657 in
1537 2620 1595 2657 his
1610 2630 1704 2668 nup·

937 2670 998 2706 tiis
1042 2670 1157 2706 fuisse
1202 2670 1395 2706 Simonem
1446 2668 1704 2706 Chananaeum

935 2718 1169 2764 Apostolum.
1194 2719 1247 2753 lta
1276 2716 1525 2763 Nicephorus,
1546 2715 1573 2753 l.
1596 2717 1702 2762 VIII,

935 2775 967 2802 c.
992 2777 1054 2809 xx,
1076 2765 1241 2811 dicitque
1267 2764 1366 2809 quod
1399 2763 1542 2800 Helena
1576 2765 1704 2811 Impe-

936 2813 1051 2848 ratrix
1085 2813 1189 2848 illam
1219 2812 1374 2848 domum
1395 2810 1460 2847 ubi
1482 2812 1625 2858 nuptiae
1645 2812 1704 2849 hae

934 2860 1101 2896 Simonis
1122 2860 1275 2895 fuerunt
1287 2857 1486 2895 celebratae
1502 2859 1544 2895 in
1557 2869 1703 2896 sacram

934 2908 1055 2943 aedem
1087 2910 1125 2942 et
1161 2905 1344 2953 templum
1381 2907 1557 2943 erexerit.
1594 2907 1704 2944 Favet

936 2955 1025 2991 huic
1044 2954 1219 3001 opinioni
1238 2964 1379 2991 nomeu
1396 2953 1615 2999 Chananaei,
1632 2954 1705 2997 tuit
