1858 3146
216 147 296 188 304
636 157 685 187 m
712 157 917 188 mineus
945 157 1018 187 mis
1048 148 1366 187 memmi-nnus.

216 234 294 276 ber
321 247 485 275 comme
513 246 594 276 une
624 235 738 288 pluie
771 236 944 289 epaisse‚
967 248 1021 275 au
1051 233 1300 287 purgatoire
1330 236 1387 274 οὺ
1423 233 1523 276 elles
1554 235 1785 278 tombaient

217 312 381 340 comme
400 312 485 341 une
504 301 632 353 neige
650 313 760 352 rare,
783 314 836 341 au
864 300 1033 354 paradis
1065 301 1121 339 ou
1147 300 1191 351 je
1219 300 1317 339 n'en
1349 299 1392 339 ai
1423 312 1479 339 vu
1512 303 1679 341 menter
1703 313 1785 353 que

221 365 340 412 trois,
362 365 464 406 celle
493 365 589 405 d’un
618 357 792 418 eveque,
814 366 915 406 celle
947 365 1047 405 d'un
1080 364 1223 416 prieur
1253 365 1326 404 des
1358 364 1593 405 Chartreux
1613 369 1655 404 et
1682 364 1785 406 celle

217 429 344 471 d’une
363 442 495 471 veuve
514 431 721 471 romaine.
746 448 763 467 »
786 431 819 471 Il
839 431 898 471 les
918 442 1091 470 nomme
1122 431 1217 468 tous
1249 429 1366 469 trois.
1399 431 1457 470 Le
1489 429 1677 469 cardinal
1707 442 1782 470 en-

214 507 324 548 voya
342 495 451 536 alors
481 496 552 536 des
583 508 815 548 messagers
845 509 951 548 pour
983 495 1182 534 s’assurer
1213 494 1264 534 de
1295 494 1337 534 la
1357 494 1504 543 verite,
1526 498 1568 534 et
1588 494 1734 547 depuis
1753 494 1782 534 it

215 559 360 601 devint
379 561 463 601 ami
482 561 553 601 des
572 561 823 612 Chartreux,
844 562 947 601 dont
966 560 996 600 il
1015 559 1338 612 desapprouvait
1366 563 1626 612 auparavant
1656 559 1780 600 l’aus-

214 627 338 682 terite
357 629 381 666 ἐι
400 639 475 666 son
495 639 589 666 sens
609 626 830 666 excessive.

270 694 333 731 On
354 695 550 743 rapporte
569 693 678 730 aussi
701 691 851 743 que‚le
878 691 978 742 jour
1010 691 1062 730 de
1094 690 1134 730 la
1164 693 1275 730 mort
1306 690 1357 730 de
1389 690 1495 730 saint
1527 691 1730 739 Bernartl,
1754 690 1783 730 il

213 760 386 797 mourut
407 756 650 808 egalement
669 756 740 795 dix
765 755 879 795 mille
911 768 1150 807 personues,
1175 758 1293 795 entre
1325 758 1466 795 autres
1494 755 1533 795 le
1562 755 1700 807 doyen
1731 756 1783 796 de

214 821 426 870 Lincoln¹‚
447 822 519 873 qui
538 821 652 861 avait
670 825 787 873 passe
809 821 1044 873 vingt-cinq
1064 833 1139 859 ans
1152 821 1256 861 dans
1276 820 1316 860 la
1336 820 1529 871 solitude,
1552 821 1704 872 fuyant
1723 821 1784 862 les

213 886 443 927 honneurs.
478 886 511 926 Il
543 889 725 938 apparut
757 888 783 925 ἐι
814 885 1002 938 I'eveque
1035 886 1086 925 de
1117 885 1293 925 Lincoln
1323 889 1365 926 et
1395 886 1455 925 lui
1486 886 1577 926 dit:
1604 901 1624 923 «
1646 887 1783 927 Faites

212 952 448 1004 penitence‚
473 951 674 990 amendez
693 954 812 990 votre
830 951 912 1001 vie,
936 951 1080 990 laissez
1103 954 1219 990 votre
1249 951 1426 1003 superbe
1459 955 1500 991 et
1532 956 1650 991 votre
1681 964 1781 992 ava-

211 1016 313 1066 rice‚
335 1016 363 1055 11
385 1015 491 1055 n’est
510 1028 583 1068 pas
603 1015 715 1054 aussi
734 1015 857 1055 facile
877 1016 927 1055 de
947 1028 990 1055 se
1010 1027 1160 1055 sauver
1180 1016 1307 1067 qu'ou
1327 1017 1366 1056 16
1398 1017 1517 1056 croit.
1542 1017 1689 1065 Quand
1706 1016 1782 1070 J’ai

212 1083 278 1122 ete
299 1083 491 1132 presente
512 1094 566 1120 au
580 1080 808 1133 jugement
827 1081 878 1120 de
897 1081 1018 1129 Dieu,
1041 1085 1177 1122 trente
1198 1082 1312 1122 mille
1333 1082 1393 1134 s’y
1412 1083 1699 1134 presentaient
1731 1095 1782 1123 en

209 1148 349 1187 meme
369 1150 519 1198 temps.
541 1146 729 1186 Bernard
750 1150 791 1186 et
810 1146 895 1185 moi
915 1159 1040 1186 avous
1060 1149 1126 1186 ete
1146 1147 1280 1187 admis
1301 1159 1355 1186 au
1387 1148 1480 1194 ciel,
1507 1147 1608 1186 trois
1638 1151 1782 1188 autres

210 1215 286 1252 ont
305 1215 370 1252 ete
390 1215 573 1263 envoyes
593 1224 645 1252 en
677 1212 941 1264 purgatoire,
964 1215 1058 1251 tout
1088 1212 1126 1252 le
1158 1216 1266 1252 reste
1296 1225 1322 1252 a
1348 1214 1415 1252 ete
1445 1213 1647 1265 precipite
1678 1212 1783 1252 dans

210 1276 376 1318 l'enfer.
398 1278 472 1317 Tel
492 1280 554 1317 est
574 1277 611 1318 le
632 1278 737 1317 recit
762 1278 813 1317 de
839 1278 1019 1330 Jacques
1049 1278 1106 1317 du
1137 1278 1306 1318 Peractis
1334 1278 1569 1318 Chartreux
1599 1277 1684 1330 (liv.
1717 1277 1783 1318 des

206 1342 349 1397 pe'clte's
376 1342 582 1395 mor-tels),
607 1343 658 1383 de
690 1343 801 1383 saint
833 1343 1008 1383 Vincent
1042 1343 1220 1392 Ferrier‚
1258 1344 1309 1383 de
1340 1343 1494 1384 l'ordre
1530 1344 1602 1384 des
1634 1346 1781 1384 Freres

209 1409 457 1449 Precheurs.
480 1408 629 1461 (Ser-m.
654 1419 711 1458 vl,
735 1407 819 1461 70.)
841 1411 919 1448 etc.

263 1474 382 1522 Mais,
406 1473 626 1513 l’occasion
648 1474 699 1514 (16
731 1475 870 1525 parler
902 1475 957 1514 du
984 1475 1090 1526 petit
1108 1475 1282 1514 nombre
1303 1475 1374 1514 des
1393 1475 1496 1524 elus,
1513 1476 1538 1515 {t
1558 1487 1711 1527 propos
1730 1475 1781 1515 de

209 1550 276 1579 ces
296 1539 454 1578 memes
474 1539 638 1590 paroles
661 1551 670 1578 ε
697 1554 716 1577 «
737 1538 770 1579 11
789 1552 817 1590 y
838 1551 890 1578 en
910 1551 935 1578 a
954 1540 1170 1591 beaucoup
1204 1540 1428 1592 d'appele5‚
1452 1543 1530 1579 etc.
1558 1556 1576 1577 π)
1610 1552 1653 1580 se
1683 1542 1778 1592 pre—

209 1608 375 1644 sentem
394 1605 578 1645 ailleurs.
599 1606 648 1645 Je
669 1604 836 1644 conclus
856 1604 975 1654 donc,
995 1608 1036 1644 et
1056 1605 1169 1644 selon
1189 1605 1366 1657 l'usage,
1384 1606 1584 1656 j'adresse
1617 1607 1641 1644 ἐι
1673 1605 1779 1646 Dieu

209 1673 317 1711 cette
337 1670 474 1722 priere
498 1684 506 1709 ε
1222 1661 1225 1665 ’

262 1737 538 1776 Prnomson.
559 1735 847 1786 -Seigueur‚
870 1747 973 1774 vous
994 1736 1065 1787 qui
1084 1747 1184 1775 avez
1205 1736 1360 1788 daigne
1390 1748 1495 1775 nous
1526 1738 1773 1788 promettm,

209 1800 307 1841 bien
323 1813 406 1853 que
421 1812 525 1839 nous
540 1812 692 1852 soyons
705 1800 776 1840 des
790 1800 1014 1840 serviteurs
1028 1801 1214 1850 inutiles,
1231 1813 1314 1841 une
1328 1803 1600 1854 recompenso
1614 1805 1656 1842 et
1670 1813 1775 1842 nous

249 1925 260 1947 ¹
280 1923 440 1955 D‘autres
460 1922 567 1955 lisant
586 1922 629 1954 de
649 1923 818 1964 Langrcs.
839 1922 939 1964 (Note
961 1923 1002 1955 de
1021 1922 1196 1966 l'auteur.)

205 2071 404 2118 respondet
431 2082 468 2107 :«
494 2072 537 2106 ln
559 2071 690 2117 spirim
712 2071 757 2107 ad
780 2071 970 2107 infernum

204 2120 355 2162 ductus,
371 2119 445 2154 vidi
466 2119 613 2154 animas
634 2119 725 2154 illue
746 2119 877 2154 cadere
898 2119 973 2155 ins-

204 2171 262 2203 tar
288 2166 503 2202 densissimi
533 2166 677 2202 imbris.
702 2166 755 2201 Ad
791 2166 970 2209 Purgato-

205 2214 301 2250 rium
325 2225 410 2250 vero
429 2214 547 2250 instar
562 2214 658 2250 nivis
679 2213 894 2250 rarissimae.
919 2215 970 2250 Ad

203 2261 421 2299 Paradisum
437 2261 509 2296 vidi
533 2267 679 2297 tantum
697 2266 769 2297 tres
789 2271 969 2298 conscen-

203 2309 304 2354 dere,
329 2310 441 2345 unius
475 2309 664 2355 Episcopi,
688 2309 799 2344 unius
835 2309 971 2345 Prioris

203 2356 456 2402 Carthusinni,
479 2362 510 2392 ct
544 2356 655 2392 unius
678 2357 798 2392 viduae
832 2357 969 2392 Roma·

202 2415 285 2447 πῶς
310 2421 323 2439 ι»
360 2404 530 2447 singulos
567 2409 693 2440 autem
734 2405 967 2440 nominabat.

203 2451 414 2489 Cardinulis
435 2451 581 2487 nuntiis
603 2451 692 2487 hinc
725 2452 812 2487 indu
846 2452 970 2488 missis

202 2501 256 2537 rei
294 2499 484 2535 veritatem
524 2500 730 2545 comperit;
766 2504 798 2534 61
832 2500 969 2535 exinde

203 2547 537 2584 carthusianorum
568 2547 714 2583 amicus
747 2547 866 2583 suctus
898 2553 965 2591 ost,

201 2605 362 2679 guorum
396 2595 556 2639 rigorem
590 2595 751 2631 nimium
776 2594 966 2640 improba-

227 2647 276 2680 at.

251 2690 422 2726 Refertur
449 2699 611 2736 quoque,
643 2690 774 2726 codem
803 2690 862 2726 (116
894 2700 968 2735 quo

202 2743 356 2775 sanctus
379 2738 588 2773 Bernartius
604 2738 733 2774 (tecum
753 2738 965 2774 nninmrum

202 2786 320 2822 mittin
332 2785 548 2825 decessisse,
571 2785 668 2821 inter
682 2795 775 2831 quos
798 2785 967 2822 Doeuuus

202 2832 480 2870 Lincotnionsis
505 2847 517 2864 u
543 2833 694 2879 quidum
727 2833 855 2878 legunt
877 2831 964 2869 Lin-

201 2881 394 2926 gonensis.
419 2896 431 2912 u
471 2884 506 2917 61
546 2880 606 2917 hic
639 2880 768 2926 viginti
801 2881 966 2927 quinque

199 2938 322 2964 annos
354 2928 392 2965 in
428 2938 554 2964 cremo
587 2931 775 2973 exegerint,
806 2927 967 2965 honores

1011 2082 1105 2118 copo
1144 2071 1415 2115 Lincolniensi,
1449 2077 1483 2109 et
1522 2073 1616 2109 dixit
1640 2084 1679 2110 :u
1703 2074 1776 2120 Age

1010 2119 1288 2165 poenitcntinm‚
1309 2121 1454 2165 corrige
1478 2121 1606 2165 vitam,
1628 2121 1775 2158 dimitte

1010 2167 1225 2213 superbiam
1251 2172 1286 2203 et
1317 2168 1525 2211 avaritiam,
1560 2179 1638 2205 non
1671 2170 1772 2205 enim

1010 2221 1065 2250 cst
1094 2215 1143 2251 ita
1179 2215 1289 2251 facile
1328 2215 1476 2259 salvari,
1517 2221 1555 2251 ut
1599 2217 1772 2252 credunt.

1013 2263 1104 2299 Dum
1142 2263 1287 2309 judicio
1326 2268 1585 2309 praesentarcr‚
1623 2263 1774 2310 triginta

1010 2311 1129 2347 millia
1146 2311 1312 2354 adfuere,
1334 2311 1542 2347 Bet-nardus
1562 2315 1597 2347 et
1617 2322 1685 2357 ego
1705 2312 1775 2348 sai-

1011 2359 1080 2394 vuti
1126 2369 1270 2404 sumus,
1305 2363 1379 2395 tres
1422 2358 1462 2394 in
1500 2359 1774 2404 Purgatorium.

1008 2406 1071 2441 alii
1095 2405 1133 2442 in
1160 2406 1351 2443 infernum
1386 2407 1527 2443 detrusi
1558 2411 1660 2443 suut.
1679 2422 1693 2440 »
1720 2408 1774 2443 lta

1007 2453 1167 2490 lacobus
1206 2455 1251 2490 de
1290 2454 1462 2490 Paradiso
1489 2455 1773 2498 Gai-ttiusianuS,

1010 2501 1032 2536 Ι.
1068 2502 1113 2537 de
1147 2502 1309 2548 pcccatis
1342 2501 1580 2546 mortalibus,
1618 2507 1772 2539 sanctus

1010 2548 1230 2585 Vincentius
1257 2550 1343 2585 (trd.
1380 2549 1496 2585 Praed.
1520 2560 1632 2586 serm.
1656 2560 1692 2587 vi
1725 2550 1771 2586 (le

1007 2596 1066 2638 70,
1089 2602 1121 2631 61
1143 2596 1221 2632 ulii.
1258 2598 1325 2633 Sed
1349 2597 1395 2632 dc
1416 2597 1601 2642 paucitate
1621 2597 1772 2634 salvan-

1006 2644 1138 2679 dorum
1162 2645 1295 2680 iterum
1316 2644 1406 2680 alibi
1422 2654 1534 2689 super
1549 2645 1680 2681 iisdem
1698 2654 1773 2681 vcr-

1009 2690 1064 2726 bis
1088 2702 1094 2726 :
1116 2705 1128 2723 α
1157 2692 1260 2728 Multi
1288 2696 1374 2727 sunt
1405 2691 1537 2733 vocati,
1561 2697 1632 2729 616.
1652 2709 1665 2726 ι»
1691 2693 1772 2729 dis-

1006 2739 1153 2774 sert-ndi
1194 2743 1365 2775 occurret
1393 2739 1554 2775 occasio.
1578 2740 1772 2778 concludo

1007 2786 1131 2829 igitur,
1165 2791 1200 2822 61
1234 2798 1299 2832 pro
1333 2796 1435 2822 inore
1475 2786 1545 2823 hoc
1566 2792 1692 2825 votum
1724 2788 1770 2825 ad

1009 2833 1122 2869 bruni
1145 2834 1261 2876 erigo.

1052 2880 1105 2916 Tu
1132 2881 1300 2925 Domine,
1325 2879 1387 2928 qui
1422 2881 1599 2925 dignatus
1629 2895 1668 2920 cs
1701 2893 1773 2920 no·
1831 2884 1835 2890 '

1006 2927 1075 2971 bis,
1113 2927 1200 2965 iicet
1231 2929 1347 2965 servis
1381 2927 1593 2974 inutilibus,
1626 2940 1773 2968 merce-

197 2974 361 3022 rugiens.
385 2975 564 3023 Apparuit
590 2980 715 3013 autem
747 2977 826 3023 ipsc
856 2975 964 3024 Epis-
1004 2975 1089 3014 dein
1110 2976 1341 3025 promittere,
1363 2981 1399 3014 et
1428 2977 1468 3014 in
1491 2978 1639 3017 vineam
1669 2984 1768 3016 tuam
