1858 3146
1578 159 1658 203 381

90 263 168 306 par
185 263 259 292 son
277 252 383 293 Pero
401 252 426 292 a
443 251 495 292 de
514 251 550 292 si
569 250 703 292 cruels
721 250 971 290 tourmentS.
1005 249 1067 288 En
1098 251 1233 299 outre,
1257 249 1353 290 bien
1385 250 1509 303 qu’ils
1540 260 1657 293 com-

89 317 271 371 prissent
288 317 349 357 les
367 317 530 370 paroles
549 317 601 356 de
620 314 976 364 Notre-Seigneur
986 313 1090 353 dans
1109 313 1202 353 leur
1219 316 1379 363 ecorce,
1402 316 1452 355 ils
1472 329 1524 357 ne
1551 327 1660 359 com.

90 383 307 436 prenaient
326 394 399 435 pas
418 381 651 434 cependant
671 381 709 420 le
728 380 910 431 mystere
942 378 995 418 de
1030 378 1070 417 13
1099 379 1272 418 Ρ3551011
1305 379 1410 418 (13115
1447 381 1488 420 13
1508 382 1659 424 moelle

90 447 241 487 cachee
260 458 355 486 sous
375 449 482 486 cette
501 447 659 494 ecorce‚
679 443 943 484 e’est-a-dire
962 454 1006 482 sa
1027 454 1166 493 cause,
1189 455 1235 482 sa
1262 443 1319 482 fin
1349 448 1391 484 et
1429 457 1503 484 son
1537 446 1657 489 fruit.

90 513 211 552 Aussi
226 510 526 562 l'Evangeliste
545 510 660 550 dit-il
673 507 797 561 qu'ils
815 519 870 547 ne
889 507 1207 560 comprenaient
1236 508 1327 547 rien
1354 510 1378 547 a
1398 511 1490 548 tout
1510 510 1599 550 cela
1619 517 1661 552 et

91 589 173 629 que
192 589 237 616 ce
255 576 322 616 lan
330 586 439 628 gage
452 574 545 614 leur
559 574 662 614 etait
682 573 884 613 inconnu.
901 574 981 612 Car
993 573 1085 612 leur
1105 584 1255 612 amour
1275 585 1426 613 envers
1444 574 1482 614 le
1503 575 1657 627 Christ,

92 641 185 682 leur
217 641 421 692 Seigneur
454 643 495 679 et
512 639 605 679 leur
626 639 788 686 Maitre,
813 637 1105 678 obscurcissait
1135 649 1242 689 pour
1274 650 1357 678 eux
1376 641 1418 678 et
1436 639 1583 680 voilait
1605 652 1659 680 en

92 706 275 759 quelque
292 709 402 745 sorte
422 705 480 744 les
499 703 665 756 paroles
696 702 799 755 qu’il
830 703 922 742 leur
953 703 1194 754 ennoncait.
1215 703 1411 743 Desirant
1441 704 1659 758 beaucoup

91 772 130 811 le
150 772 241 810 voir
259 771 386 819 vivre,
413 769 599 809 attaches
618 771 643 807 a
662 768 722 808 lui
741 779 816 820 par
836 767 896 807 les
916 767 1022 807 liens
1042 768 1093 807 de
1114 767 1154 807 la
1179 768 1274 820 plus
1292 768 1440 808 tendi-e
1462 769 1660 810 affection

92 839 134 876 et
153 837 346 888 esperant
365 834 490 887 qu'en
512 833 670 886 qualite
689 833 741 872 de
762 833 909 873 Messie
923 832 954 872 il
967 832 1184 884 regnerait
1202 845 1303 873 avec
1325 833 1473 885 gleire,
1489 834 1540 874 ils
1560 845 1663 888 pou-

91 900 232 940 vaient
250 899 538 938 difficilement
559 910 601 938 se
623 898 872 937 convaincre
900 898 951 938 de
983 910 1028 936 sa
1061 901 1172 937 mort
1190 901 1233 937 et
1264 898 1425 949 diriger
1455 900 1660 940 501101150-

90 967 208 1004 ment
226 964 337 1003 leurs
356 965 526 1016 pensees
545 963 596 1002 de
616 974 662 1002 ce
681 963 787 1003 cete.
809 962 982 1014 D'apres
1012 962 1050 1002 le
1083 962 1309 1003 venerable
1342 964 1467 1014 Bede,
1491 964 1659 1018 lorsque

90 1028 129 1070 le
145 1029 257 1069 divin
277 1029 424 1068 Maitre
444 1028 536 1068 leur
555 1027 705 1080 parlait
725 1028 776 1067 de
796 1040 839 1067 53
859 1031 971 1067 mort
990 1033 1032 1067 et
1050 1027 1101 1067 de
1132 1040 1177 1067 sa
1199 1029 1384 1078 Pession,
1408 1029 1458 1069 ils
1483 1030 1658 1070 s'attris·

90 1094 236 1143 taient,
259 1093 380 1142 mais,
403 1093 579 1145 inspires
599 1105 676 1145 par
707 1091 885 1132 t'amour
905 1092 1027 1145 qu’ils
1052 1093 1218 1133 avaient
1238 1105 1344 1145 pour
1376 1094 1451 1143 lui,
1474 1094 1524 1134 ils
1553 1106 1660 1148 pen-

91 1159 226 1199 saient
245 1170 325 1211 que
345 1170 408 1198 ses
427 1157 595 1211 paroles
627 1170 680 1198 ne
701 1158 899 1198 devaient
918 1170 991 1210 pas
1017 1158 1105 1198 etre
1134 1158 1264 1209 prises
1297 1159 1399 1198 daus
1431 1160 1523 1200 leur
1565 1172 1661 1200 sens

92 1223 373 1276 allegorique.
395 1223 427 1263 ll
448 1226 509 1262 est
523 1222 680 1262 certain
703 1234 784 1274 que
806 1234 880 1262 nos
900 1223 1130 1272 affections,
1153 1227 1317 1262 surtout
1350 1224 1475 1263 celles
1493 1225 1564 1276 qui
1586 1229 1662 1266 ont

93 1288 272 1328 l'amour
293 1300 345 1327 ou
367 1288 408 1327 la
426 1288 552 1328 haine
571 1299 678 1340 pour
697 1288 823 1339 objet‚
847 1287 1151 1327 obscurcissent
1171 1292 1349 1328 souvent
1370 1293 1488 1329 notre
1508 1292 1658 1330 enten-

95 1354 266 1394 dement
285 1356 328 1393 et
347 1366 452 1392 nous
470 1353 643 1392 cachent
662 1353 703 1391 la
722 1353 868 1402 verite,
890 1365 944 1392 au
963 1354 1082 1404 point
1104 1365 1184 1405 que
1208 1365 1314 1392 nous
1344 1366 1397 1394 ne
1429 1355 1470 1394 la
1501 1366 1662 1407 voyons

94 1418 186 1471 plus
206 1431 259 1458 ou
281 1430 364 1470 que
382 1430 489 1458 nous
508 1430 561 1457 ne
581 1417 754 1456 voulons
773 1418 891 1469 point
911 1417 953 1456 la
973 1418 1078 1458 voir.
1102 1418 1303 1458 Combien
1325 1419 1376 1457 de
1397 1419 1476 1458 fois
1496 1419 1555 1459 les
1574 1431 1663 1472 pas·

94 1487 207 1523 teurs
228 1484 299 1522 des
318 1484 431 1522 ames
450 1484 492 1522 et
511 1483 569 1522 les
589 1482 851 1522 confesseurs
881 1482 1018 1522 disent
1040 1494 1124 1521 aux
1155 1483 1400 1534 negociants
1433 1483 1556 1535 qu'ils
1586 1487 1663 1525 ont

93 1547 236 1588 besoin
256 1547 306 1587 de
327 1546 471 1586 veiller
491 1549 516 1586 a
534 1547 627 1586 leur
646 1547 768 1594 salut,
793 1559 873 1599 que
895 1547 1007 1586 leurs
1026 1550 1211 1587 contrets
1226 1548 1350 1600 qu’ils
1369 1548 1462 1588 font
1483 1552 1664 1590 mettent

93 1612 183 1652 leur
202 1613 295 1651 ame
315 1624 366 1651 en
387 1611 507 1663 peril,
530 1623 611 1664 que
632 1612 692 1651 les
712 1615 896 1650 contrats
915 1615 1082 1651 sentent
1095 1612 1248 1652 l'usure
1270 1614 1295 1651 a
1314 1625 1436 1653 cause
1455 1614 1509 1653 du
1535 1615 1659 1666 grain

92 1676 279 1724 excessis,
303 1688 358 1716 ou
378 1676 428 1716 de
450 1676 632 1716 l’interet
651 1678 849 1728 exegere,
872 1689 925 1716 ou
947 1679 972 1716 a
990 1689 1113 1717 cause
1144 1678 1199 1717 du
1220 1681 1323 1717 taux
1357 1678 1472 1718 eleve
1505 1680 1664 1732 auquel

92 1741 144 1782 ils
163 1742 348 1794 pretent,
367 1745 409 1781 et
428 1745 568 1781 autres
586 1741 730 1781 choses
762 1741 1012 1782 semblables
1038 1743 1110 1794 qui
1131 1747 1386 1782 concernent
1418 1744 1510 1784 leur
1541 1757 1663 1785 cons-

92 1807 231 1847 cience
250 1810 291 1846 et
311 1806 385 1859 qui
403 1809 475 1845 ont
493 1807 594 1846 trait
609 1808 633 1845 a
651 1806 693 1846 la
711 1807 889 1846 securite
909 1807 960 1846 de
975 1807 1066 1847 leur
1085 1807 1196 1847 salut
1214 1809 1389 1848 eternel.
1406 1809 1526 1859 Mais,
1539 1821 1665 1862 parce

94 1882 175 1924 que
193 1871 373 1911 l'amour
392 1870 448 1910 du
482 1871 582 1922 gain
615 1875 657 1910 et
682 1871 732 1910 de
765 1872 948 1923 l'argent
978 1871 1038 1910 les
1069 1872 1270 1924 empeche
1300 1872 1351 1912 de
1383 1875 1602 1915 connaitre
1623 1874 1666 1915 13

503 170 717 204 ammone
745 170 801 203 ms
824 169 876 202 u
900 162 1247 206 oumomeesnm.

94 2028 187 2069 erat,
207 2024 457 2061 dimitteretur
476 2035 497 2060 a
517 2024 593 2060 Deo
620 2023 666 2060 ad
688 2028 763 2060 tam
783 2024 857 2060 im-

897 2024 961 2061 sed
982 2035 1070 2061 mox
1102 2035 1229 2061 amore
1249 2025 1428 2070 dictante,
1449 2036 1527 2062 non
1548 2031 1588 2063 ut
1607 2038 1665 2064 so-

96 2072 224 2109 mania
261 2076 459 2108 tormenta.
488 2071 603 2115 Adde,
633 2072 733 2118 quod
772 2072 858 2108 licet

897 2071 1012 2108 nabat
1049 2072 1086 2108 id
1133 2073 1425 2116 intelligendum
1465 2074 1664 2120 putabant,

94 2119 207 2157 verba
239 2120 374 2156 Christi
413 2119 453 2155 in
491 2120 630 2155 cortice
667 2119 858 2166 intellige-

95 2172 192 2210 rent,
233 2167 453 2212 mysterium
498 2171 623 2202 tamen
675 2167 859 2213 passionis

94 2225 172 2252 non
192 2215 453 2261 percipiebant
477 2214 687 2250 secundum
708 2215 857 2251 medul-

95 2262 194 2307 1am;
217 2262 286 2299 hoc
319 2267 372 2298 est
406 2262 486 2308 ejus
524 2272 693 2307 causam,
727 2262 858 2306 finem,

94 2309 257 2347 fructum
292 2320 369 2346 non
402 2309 676 2355 intelligebant.
700 2310 786 2347 Ideo
807 2310 859 2346 di-

95 2362 231 2394 cuntur
259 2357 354 2393 1111111
391 2357 526 2393 horum
558 2357 803 2402 intellexisse,
824 2363 859 2394 et

95 2405 250 2442 verbum
270 2405 368 2441 istud
388 2404 654 2441 absconditum
680 2405 794 2442 fuisse
812 2405 859 2442 ab

95 2452 162 2490 eis.
183 2452 279 2491 Nam
308 2457 344 2488 01
373 2452 527 2488 verbum
547 2453 646 2488 istud
677 2453 731 2489 eis
763 2463 857 2500 quo-

96 2499 296 2537 dammodo
317 2499 572 2536 abscondebat
601 2504 636 2536 et
658 2499 859 2537 obvelabat

96 2557 202 2584 amor
239 2558 325 2594 erga
364 2547 554 2584 Christum
588 2548 793 2584 Dominum
824 2554 860 2584 ct

96 2593 315 2641 Magistrum
347 2605 472 2639 suum,
494 2595 602 2642 quus
630 2606 717 2632 cum
746 2597 859 2632 vitam

100 2642 261 2679 maxime
287 2642 540 2679 desiderarent
561 2647 596 2679 et
616 2643 674 2680 illi
707 2644 859 2680 tenerri-

101 2697 163 2725 mo
216 2689 349 2727 affectu
398 2690 646 2735 inhaererent,
698 2701 859 2738 cumque

101 2744 187 2772 eum
206 2741 246 2772 ut
263 2737 438 2774 Messiam
464 2748 551 2774 cum
582 2738 702 2785 gloria
731 2750 860 2786 regna·

102 2786 228 2819 turum
256 2789 460 2830 sperarent,
482 2786 542 2822 vix
575 2791 748 2832 poterant
779 2786 860 2831 ejus

102 2828 174 2866 sibi
198 2835 356 2883 mortem
386 2833 623 2879 persuadere,
644 2838 707 2870 aut
739 2834 784 2870 ad
820 2833 862 2870 il·

102 2876 179 2913 iam
192 2887 287 2914 serlo
303 2880 567 2926 cogitationem
581 2891 689 2918 suam
703 2885 858 2918 vertere.

100 2923 138 2960 Si
158 2924 248 2970 quid
266 2924 345 2971 ipse
357 2926 402 2963 de
414 2932 533 2965 morte
547 2939 614 2965 sua
631 2934 667 2965 et
686 2929 861 2976 passione

101 2971 327 3019 loqueretur,
348 2974 663 3014 contristabantur
692 2977 859 3023 quidem,

897 2119 961 2156 sed
987 2120 1034 2156 ad
1071 2119 1171 2156 aliud
1207 2121 1295 2166 quid
1333 2121 1534 2167 allegorice
1574 2123 1666 2160 refe·

898 2168 1058 2204 rendum
1079 2178 1159 2203 esse
1181 2168 1382 2204 credebant
1409 2169 1528 2215 inquit
1553 2170 1663 2207 Beda.

897 2216 1003 2251 Corte
1055 2215 1212 2252 affectus
1268 2217 1406 2261 nostri,
1454 2218 1666 2262 praesertim

896 2263 1036 2298 amoris
1056 2263 1113 2299 vel
1133 2264 1223 2307 odii,
1248 2274 1325 2299 11011
1361 2265 1574 2310 frequenter
1595 2275 1665 2302 1105

897 2310 1136 2350 obnubilant.
1160 2316 1194 2346 et
1216 2311 1407 2347 veritatem
1442 2312 1551 2348 nobis
1576 2311 1666 2350 abs-

897 2358 1080 2403 condunt,
1103 2360 1152 2394 ita
1175 2363 1212 2394 ut
1242 2370 1323 2395 cam
1347 2360 1401 2394 vel
1437 2370 1514 2396 non
1546 2360 1665 2406 perci-

897 2406 1061 2452 piamus,
1097 2406 1150 2441 vel
1192 2407 1343 2442 credere
1375 2417 1452 2442 non
1486 2407 1662 2444 velimus.

898 2455 1017 2497 Quam
1039 2457 1252 2500 frequenter
1284 2454 1579 2501 negotiatoribus
1610 2455 1664 2492 di-

897 2502 1008 2544 citur,
1027 2501 1083 2537 vel
1097 2512 1118 2537 a
1132 2503 1210 2538 suis
1225 2502 1452 2546 Pastoribus,
1470 2502 1525 2538 vel
1546 2514 1566 2538 a
1588 2503 1666 2540 suis

897 2549 1160 2593 Consessariis,
1188 2550 1465 2586 consulendum
1497 2560 1578 2586 csse
1609 2561 1666 2587 sa-

898 2597 981 2640 luti,
1003 2601 1218 2633 contractus
1235 2596 1281 2632 ab
1302 2598 1355 2633 eis
1376 2598 1490 2633 initos
1511 2598 1665 2644 pericu-

899 2644 998 2681 losos
1037 2655 1133 2687 esse,
1166 2654 1296 2690 sapere
1335 2654 1503 2688 usuram,
1539 2645 1587 2681 ob
1609 2646 1665 2682 ni·

899 2692 1018 2727 mium
1040 2692 1203 2738 lucrum,
1222 2692 1284 2727 vel
1299 2692 1461 2728 nimium
1483 2693 1666 2731 interesse

899 2744 1141 2786 praetensum,
1162 2739 1218 2775 vel
1244 2739 1291 2774 ob
1312 2739 1474 2785 pretium
1505 2741 1664 2778 excessi-

901 2797 986 2823 vum
1008 2787 1152 2822 ratione
1181 2787 1326 2831 crediti,
1348 2791 1384 2822 et
1415 2787 1555 2824 similia
1580 2798 1666 2835 quae

898 2845 1029 2870 eorum
1055 2834 1326 2870 conscientiam
1356 2841 1607 2880 concernunt,
1627 2841 1667 2874 et

899 2882 945 2918 ad
966 2881 1097 2917 salutis
1131 2881 1370 2918 securitatem
1401 2887 1586 2928 spectant.
1618 2884 1666 2921 At

900 2929 986 2975 quia
1013 2939 1141 2965 amore
1171 2928 1263 2965 lucri
1297 2935 1333 2966 et
1362 2930 1512 2967 nummi
1546 2931 1664 2978 impe-

899 2977 1054 3014 diuntur
1100 2977 1294 3014 veritatem
1338 2987 1560 3026 agnoscere,
1598 2984 1668 3016 aut
