1858 3146
494 195 708 226 nmmum:
735 195 787 226 88
815 195 866 225 LA
894 187 1164 226 5881085188.
1547 187 1634 229 3¹4!

111 272 231 322 Mais,
252 271 331 326 ily
349 285 374 314 8
392 273 504 314 deux
534 278 666 316 sortes
685 274 736 314 de
755 285 891 315 coeurs
920 274 1035 314 durs.
1075 276 1155 315 Les
1173 286 1261 314 uns·
1274 278 1372 315 sont
1392 287 1559 318 comme
1586 276 1628 318 18

58 350 131 379 roc
148 341 191 378 81
209 338 251 378 18
270 338 407 391 pierre
427 339 545 389 dure,
567 352 665 379 sans
686 351 819 391 gazon
839 342 882 379 et
902 351 998 379 sans
1018 342 1129 380 terre
1149 340 1223 392 qui
1243 340 1304 380 les
1323 353 1537 382 recouvre.
1571 341 1628 383 115

57 415 112 443 ne
131 404 340 456 receivent
359 407 639 444 aucunement
656 404 698 444 la
716 415 906 444 58188888
926 404 999 456 qui
1019 416 1073 444 ne
1107 416 1251 456 gei-me
1281 405 1401 457 point
1439 418 1492 445 88
1526 418 1626 447 eux.

5 495 6 498 ,
56 468 147 509 Elle
166 481 194 521 y
212 469 409 509 demeure
428 469 751 522 completement
764 469 901 518 vaine,
920 470 991 521 n'y
1010 473 1210 509 trouvent
1223 482 1387 510 aucune
1400 470 1624 522 humidite,

56 533 165 573 mais
184 533 416 574 seulement
435 533 477 572 la
496 534 644 574 durete
663 538 706 574 et
724 535 765 574 18
784 534 1021 574 secheresse
1041 538 1242 587 opposees
1269 538 1294 574 8
1314 538 1433 574 10818
1467 536 1626 588 germi-

55 598 221 639 nation.
245 597 415 638 ceux-la
434 601 508 637 ont
528 598 566 638 18
586 611 701 639 eoeur
714 599 919 647 tres-dur,
942 599 994 638 ils
1013 599 1132 639 n'ont
1150 612 1288 640 aucun
1309 600 1537 640 sentiment
1574 600 1625 641 de

53 663 183 716 111818,
205 663 256 703 115
275 667 369 702 sont
392 667 479 702 tout
500 665 524 702 8
544 664 621 703 fait
640 663 816 704 rebelles
835 666 859 703 8
881 664 1159 717 1’185ρί1·81108
1180 665 1236 704 (18
1266 665 1423 705 dedans
1460 668 1503 705 et
1540 677 1626 707 aux

52 729 394 768 avertissements
414 728 468 767 du
490 729 656 768 dehors.
679 729 787 770 C'est
807 731 831 768 8
851 741 934 769 eux
954 742 1035 782 que
1054 729 1287 783 s’applique
1301 730 1625 771 veritablement

53 804 99 832 88
120 805 200 846 que
222 786 440 832 l'Eeriture
460 793 522 832 dit
542 794 592 833 de
613 794 807 834 Pher-aon
828 799 870 834 et
900 795 971 834 des
1008 796 1243 847 Egyptiens
1273 795 1466 835 endurcis
1488 808 1497 835 ε
1525 810 1545 834 a
1569 796 1624 837 lls

52 861 146 898 sont
167 858 327 898 tombes
347 870 509 898 comme
530 872 610 899 une
628 860 767 912 pierre
787 873 841 900 88
862 861 965 900 fond
985 861 1057 900 des
1076 873 1200 901 eaux.
1222 860 1398 913 (Ex-ode.
1425 872 1495 908 Χν,
1516 861 1577 914 5.)
1601 877 1620 899 »

50 923 109 963 La
127 926 276 963 nature
296 924 347 964 de
367 924 408 964 18
426 925 563 976 pierre
583 928 644 964 est
663 926 713 965 de
736 926 883 966 tendre
900 938 993 966 vers
1014 926 1052 966 le
1067 926 1156 975 has,
1180 927 1286 966 ainsi
1307 927 1365 966 les
1391 927 1521 975 81885,
1543 938 1619 967 en-

49 986 210 1027 durcies
228 999 388 1028 comme
408 989 449 1028 18
467 989 618 1040 pierre,
642 1002 694 1030 ne
716 993 899 1042 peuvent
919 1004 999 1044 que
1020 991 1248 1031 descendre
1268 1004 1321 1031 en
1342 992 1477 1031 enfer.
1497 991 1621 1032 Saint

47 1051 235 1092 Ber-nard
273 1054 404 1093 deerit
435 1067 501 1094 885
520 1056 648 1103 ames,
675 1057 818 1108 quand
859 1057 887 1108 il
926 1056 1020 1097 dit:
1048 1073 1066 1094 «
1107 1057 1318 1104 Qu'est-ce
1333 1057 1465 1109 qu'un
1503 1068 1622 1097 coeur

47 1116 254 1157 endurci?
275 1118 382 1158 C'est
402 1119 510 1159 celui
530 1120 602 1172 qui
623 1133 676 1160 ne
697 1125 798 1172 peut
817 1120 911 1173 plus
930 1122 1017 1160 etre
1036 1122 1205 1162 dechire
1227 1134 1301 1174 par
1325 1122 1383 1162 les
1411 1122 1616 1173 remords,

45 1182 230 1223 attendi-i
251 1195 326 1235 par
346 1183 387 1223 18
406 1185 517 1236 piene
538 1198 591 1224 ou
612 1186 765 1226 108888
785 1198 861 1237 par
882 1186 941 1226 les
960 1186 1144 1239 prieres3
1167 1187 1226 1227 les
1251 1199 1444 1228 18888885
1479 1190 1522 1227 81
1558 1187 1617 1227 les

44 1257 171 1300 eoups
191 1247 230 1286 le
250 1250 447 1289 trouvent
461 1249 703 1300 egalement
721 1251 948 1291 insensible
965 1265 975 1302 ;
998 1252 1097 1291 e’est
1116 1265 1174 1292 un
1193 1264 1309 1292 coeur
1328 1252 1402 1304 qui
1432 1252 1526 1305 paie
1557 1252 1617 1292 les

43 1310 242 1352 hienfaits
261 1325 337 1366 par
359 1314 650 1366 l'ingratitude
667 1328 677 1364 ;
700 1314 803 1367 qu'il
824 1319 886 1355 est
905 1328 985 1368 peu
1006 1318 1078 1356 581·
1097 1317 1148 1356 (18
1168 1317 1388 1357 conseiller
1407 1320 1449 1357 et
1469 1318 1617 1358 redon-

43 1376 158 1417 table
178 1378 230 1417 de
245 1378 399 1429 juger3
423 1381 623 1431 etranger
642 1382 667 1419 8
687 1384 779 1420 tout
804 1381 1029 1421 sentiment
1059 1382 1110 1421 de
1138 1382 1302 1434 pudeur
1333 1394 1383 1422 88
1416 1384 1615 1434 presence

44 1441 116 1482 des
136 1441 280 1482 choses
299 1442 538 1492 honteuses,
561 1450 602 1485 et
621 1445 672 1484 de
692 1445 851 1485 crainte
871 1458 922 1485 en
941 1446 1032 1485 face
1053 1447 1108 1485 du
1129 1446 1308 1498 danger,
1329 1459 1381 1486 on
1402 1452 1503 1499 peut
1521 1448 1614 1488 dire

41 1505 145 1559 qu’il
166 1506 235 1546 n'a
254 1507 345 1546 rien
366 1507 416 1547 de
435 1507 659 1548 l'honneur
679 1513 719 1548 et
739 1510 840 1560 qu'il
861 1514 922 1550 est
940 1511 1054 1562 plein
1074 1511 1196 1551 d’une
1215 1512 1437 1552 temeraire
1451 1512 1612 1554 audace

40 1569 224 1610 (1885185
244 1571 388 1611 choses
407 1572 458 1612 de
479 1573 609 1622 Dieu;
633 1574 671 1614 le
703 1578 837 1626 pesse,
864 1575 893 1614 il
930 1575 1126 1625 l'oublie3
1166 1576 1205 1616 18
1241 1579 1425 1630 present,
1448 1578 1477 1617 11
1515 1578 1611 1619 8’88

38 1634 142 1675 tient
163 1639 353 1689 compte;
377 1637 550 1677 l’avenir
569 1642 630 1678 est
650 1639 688 1678 le
709 1639 901 1680 moindre
920 1640 971 1680 de
991 1653 1055 1681 ses
1081 1642 1231 1682 soucis.
1256 1641 1436 1695 (consid.
1470 1643 1539 1684 lae'v.
1573 1645 1607 1695 1,

36 1699 108 1754 11.)
126 1714 145 1738 »
170 1700 205 1741 11
224 1713 252 1752 y
271 1713 324 1741 en
345 1713 371 1741 8
390 1702 574 1743 d’antres
593 1705 704 1743 aussi
719 1705 769 1745 de
790 1706 863 1758 qui
883 1706 967 1746 l'on
988 1706 1049 1746 dit
1069 1707 1191 1760 qu'ils
1210 1711 1285 1748 ont
1304 1708 1342 1749 le
1380 1721 1496 1749 coeur
1532 1721 1609 1750 88-

37 1765 170 1816 durci,
191 1778 316 1818 parce
337 1767 459 1820 qu’ils
476 1781 529 1808 ne
550 1768 587 1808 le
609 1773 810 1811 tournent
830 1783 903 1824 pas
923 1772 1226 1824 parlaitement
1246 1786 1340 1814 vers
1358 1775 1480 1823 Dion,
1502 1775 1609 1816 mais

35 1830 271 1883 cependant
291 1831 341 1870 ils
360 1837 607 1873 conservent
627 1835 808 1888 quelque
829 1837 973 1876 attrait
994 1850 1099 1890 pour
1127 1838 1169 1878 18
1204 1838 1330 1891 piene,
1354 1840 1404 1879 ils
1429 1843 1504 1880 081
1535 1852 1609 1881 en·

34 1906 129 1936 core
149 1908 207 1935 un
227 1907 308 1948 peu
327 1896 379 1936 de
399 1897 539 1938 bonne
559 1900 686 1949 terre,
709 1905 750 1940 et
769 1901 820 1941 de
840 1901 925 1941 808
946 1915 1032 1950 588,
1056 1906 1098 1942 81
1118 1903 1170 1943 (18
1201 1904 1283 1943 808
1315 1904 1453 1945 fonds.
1486 1906 1545 1946 De
1564 1906 1607 1946 18

33 1960 149 2001 vient
169 1961 293 2013 qu’ils
314 1966 409 2001 sont
431 1963 601 2003 10881185
620 1977 697 2017 par
716 1966 757 2005 18
775 1967 918 2019 parole
939 1967 989 2007 de
1010 1968 1114 2008 Dieu
1135 1972 1176 2008 et
1196 1968 1237 2008 18
1261 1970 1475 2021 1880111881
1505 1982 1607 2011 avec

32 2093 90 2127 est
107 2089 202 2126 illud
224 2100 233 2127 :
260 2103 274 2123 α
297 2092 367 2128 Cor
394 2092 475 2139 ejus
495 2096 602 2140 quasi
628 2095 723 2141 lapis
743 2096 799 2133 in·

15 2135 243 2175 'durabitun
267 2154 281 2172 n
306 2139 376 2175 Sed
398 2140 495 2177 inter
519 2152 585 2178 eos
616 2144 680 2189 qui
713 2144 797 2181 duri

0 2194 17 2232 ’.γ
32 2185 158 2224 cordis
175 2186 354 2223 dicuntur
374 2187 538 2235 duplicis
558 2196 647 2226 sunt
678 2202 795 2237 gene-

0 2231 85 2271 ‚ris
122 2243 131 2270 :
176 2233 300 2280 Aliqui
344 2240 432 2271 sunt
463 2236 579 2274 veluti
611 2248 723 2285 rupes
761 2244 796 2276 et

0 2308 1 2311 ,
32 2283 137 2327 petra
192 2281 407 2328 durissima,
462 2285 569 2322 nullo
621 2291 796 2323 contecta

8 2328 187 2375 cespite,
209 2329 307 2365 nihil
329 2340 441 2377 supra
464 2342 503 2368 se
526 2332 706 2370 habentes
726 2340 795 2371 ter·

30 2383 103 2419 rae·;
136 2376 231 2412 ethi
258 2378 460 2424 nequidem
494 2381 708 2427 susctpiuut
741 2393 794 2419 58-

11 2431 136 2467 41888,
157 2433 228 2461 888
254 2426 474 2471 germinans
506 2428 547 2464 in
580 2429 656 2465 illis
689 2430 794 2476 quip-

30 2469 134 2517 piam
177 2472 296 2508 resilit
348 2474 461 2519 plane
506 2475 622 2512 inane
640 2506 649 2521 ,
696 2477 793 2514 nihil

30 2517 188 2555 omnino
211 2519 379 2557 humoris
400 2523 605 2569 reperiens,
627 2525 692 2561 sed
720 2526 792 2562 du-

33 2563 156 2602 ritiem
175 2566 299 2604 sotum
332 2573 368 2605 et
402 2570 611 2607 siceitatem
641 2573 793 2618 penitus

29 2611 238 2667 adversum.
273 2615 319 2653 Hi
356 2627 467 2664 porro
505 2623 593 2654 sunt
628 2620 793 2666 perfecte

30 2657 118 2695 dun
135 2661 275 2706 cordis,
295 2664 446 2700 nullum
468 2665 649 2703 habentes
681 2668 791 2705 affec-

32 2708 115 2742 tum
134 2708 294 2755 pietatis,
313 2711 379 2748 sed
398 2712 641 2759 inspirationi
670 2715 792 2752 inter-

33 2761 108 2799 me,
134 2758 171 2790 et
197 2756 449 2796 admonitioni
482 2765 648 2798 externae
680 2763 793 2809 plane

33 2799 205 2838 rebelles.
229 2803 333 2842 Unde
352 2810 388 2843 et
412 2807 459 2844 de
492 2808 630 2846 talibus
661 2821 791 2847 verum

30 2850 102 2884 851.
123 2849 222 2903 quod
241 2850 287 2904 (18
318 2851 511 2892 Pharaone
542 2861 578 2894 et
609 2858 791 2906 AEgyptiis

28 2893 225 2937 obduratis
243 2897 335 2935 (11811
353 2900 567 2949 Scriptura:
591 2917 606 2935 α
630 2905 793 2943 Descen-

29 2941 168 2979 derunt
186 2943 228 2980 18
259 2946 487 3000 profundum
506 2952 613 2997 quasi
636 2953 745 3000 lapis.
771 2969 785 2986 »

32 2989 119 3027 Eaee
138 2994 195 3027 est
213 3001 317 3029 emm
342 2998 474 3033 881818
504 2997 655 3046 lapidis,
676 3001 789 3038 deor-

836 2108 920 2134 sum
943 2098 1096 2135 tendere
1114 2116 1123 2143 ;
1138 2099 1193 2136 sic
1212 2100 1354 2136 animae
1372 2100 1491 2137 instar
1511 2101 1603 2148 lapi-

835 2146 894 2181 dis
925 2146 1120 2183 obduratae
1153 2158 1231 2184 non
1265 2153 1424 2194 possunt
1455 2149 1529 2185 nisi
1560 2149 1604 2187 in

835 2193 1030 2230 infernum
1050 2195 1292 2231 descendere.
1315 2196 1425 2232 Tales
1456 2197 1603 2233 deseri-

836 2240 890 2276 bit
910 2246 1064 2278 sanctus
1079 2242 1287 2279 Bernardus
1307 2254 1315 2279 z
1337 2258 1350 2274 «ι
1373 2244 1444 2280 Cor
1463 2244 1603 2282 durum

834 2293 889 2325 est
911 2290 1009 2336 quod
1031 2300 1101 2327 nee
1127 2291 1422 2337 compunctione
1454 2293 1602 2329 scindi-

835 2341 908 2380 tur,
930 2348 1001 2374 888
1020 2338 1157 2384 pietate
1178 2338 1360 2383 mollitur,
1378 2350 1457 2376 non
1478 2350 1600 2378 move-

835 2389 894 2420 tur
914 2385 1101 2430 precibus,
1126 2397 1203 2422 non
1222 2387 1322 2423 cedit
1342 2387 1470 2430 minis,
1493 2388 1600 2424 indu·

834 2437 936 2468 ratur
957 2433 1115 2478 flagellis
1139 2444 1147 2469 :
1169 2435 1360 2480 ingratum
1391 2435 1436 2471 ad
1460 2434 1602 2472 benefi-

833 2480 906 2524 cia,
926 2480 972 2516 ad
1003 2481 1164 2518 consilia
1191 2482 1368 2526 inlidum,
1390 2483 1436 2518 ad
1454 2482 1601 2528 judicia

832 2527 956 2571 velox,
978 2528 1279 2565 inverecundum
1300 2530 1346 2566 ad
1375 2531 1508 2576 turpia,
1530 2530 1601 2567 im·

831 2575 1008 2621 pavidum
1043 2576 1089 2612 ad
1128 2577 1310 2623 pericula,
1343 2577 1605 2617 inhumanum

830 2623 876 2658 ad
901 2622 1080 2667 humana,
1103 2624 1347 2660 temerarium
1379 2625 1426 2661 ad
1455 2625 1598 2671 divina,

830 2671 1108 2716 praeteritorum
1147 2671 1389 2717 obliviscenS,
1425 2683 1600 2720 praesen-

832 2718 926 2754 tium
958 2718 1169 2764 negligens,
1190 2719 1315 2756 sutura
1350 2730 1428 2756 non
1459 2720 1598 2767 praevi—

830 2765 937 2802 dens.
977 2781 990 2798 »
1027 2766 1100 2802 Alii
1133 2771 1221 2803 sunt
1259 2767 1323 2813 qui
1360 2768 1473 2804 etiam
1512 2768 1599 2805 duri

829 2813 955 2850 cordis
994 2814 1186 2859 dicuntur,
1222 2814 1309 2860 quia
1347 2815 1512 2862 perfecte
1549 2815 1599 2853 ad

833 2861 951 2897 Deum
972 2860 1067 2897 illud
1086 2871 1165 2898 non
1186 2866 1424 2908 convertunt,
1447 2863 1513 2900 sed
1546 2867 1597 2900 ta-

830 2918 919 2944 men
962 2908 1126 2945 retinent
1169 2908 1312 2954 aliquid
1350 2910 1506 2948 affectus
1549 2910 1603 2948 ad‘

829 2956 1021 3002 pietatem,
1044 2955 1188 3003 aliquid
1207 2956 1333 2994 adhue
1352 2956 1463 2995 bonae
1490 2962 1598 2996 terne

829 3007 864 3040 et
888 3002 980 3039 boni
1007 3003 1178 3040 humoris
1211 3003 1367 3050 habent,
1387 3009 1424 3042 et
1452 3005 1598 3054 aliquid
