1858 3146
545 114 698 145 secono
725 113 938 144 omnent
966 113 1019 143 ne
1048 105 1229 145 nenium.
1587 107 1666 148 527

105 195 271 249 epuiser
288 196 381 234 tout
399 203 473 233 son
500 203 620 244 sang,
652 189 893 245 lorsqu'une
917 191 1031 230 seule
1052 195 1200 243 goutte
1232 193 1373 234 aurait
1402 206 1460 246 pu
1490 194 1669 235 suffire?

105 260 280 301 N’est-ce
300 271 375 312 pas
393 270 450 298 un
472 259 591 297 exces
609 256 798 296 d’amour
817 267 913 308 que,
936 254 1082 307 depuis
1101 257 1139 297 le
1160 257 1303 310 jardin
1330 259 1402 299 des
1421 259 1562 301 Olives
1574 260 1669 312 jus-

105 325 202 378 qu'e
227 325 267 365 la
293 323 421 372 croix,
444 322 474 362 il
500 322 579 361 soit
597 321 794 362 demeare
820 319 1073 360 abandonne
1099 334 1194 362 sans
1213 335 1375 363 aucune
1395 325 1666 375 consolation,

105 390 332 432 interieure
352 401 405 427 ou
427 387 692 427 exterieure?
712 386 884 426 N’est-ce
902 397 976 438 pas
995 398 1052 424 un
1067 389 1186 426 exces
1201 388 1480 429 d'obeissanee
1495 392 1537 429 et
1550 390 1669 430 d’hu-

103 455 249 503 milite,
268 452 370 505 qu'il
389 464 432 492 se
446 452 524 491 soit
543 451 712 492 aneanti
731 463 785 491 en
803 462 846 490 se
866 451 1015 490 faisant
1035 451 1245 492 obeissant
1262 454 1432 505 jusqu'n
1446 455 1486 494 la
1501 458 1611 494 mort
1625 458 1668 496 et

98 518 268 573 jusqu'e
287 519 328 557 la
347 520 457 557 mort
476 517 527 556 de
546 517 586 555 la
606 515 751 556 croix?
771 515 944 555 N’est-ce
964 528 1038 567 pas
1054 529 1108 554 un
1130 519 1251 556 exces
1265 517 1315 557 de
1332 521 1549 570 pauvrete‚
1566 520 1669 572 qu’il

101 584 205 624 n’ait
222 595 296 636 pas
315 595 364 622 eu
388 583 442 621 ou
462 593 630 634 reposer
649 593 691 620 sa
714 581 811 626 tete,
835 580 935 632 qu’il
957 580 1016 620 ait
1034 581 1092 620 du
1121 593 1164 620 se
1194 583 1326 621 servir
1357 582 1482 622 d’une
1514 589 1667 635 poutre

102 649 152 689 de
171 648 260 688 bois
280 659 386 700 pour
405 647 576 696 couche,
598 645 723 686 d'une
742 657 955 685 couronne
968 645 1153 698 d’epines
1168 659 1274 699 pour
1287 647 1468 695 oreiller‚
1487 648 1538 688 de
1553 649 1668 688 elous

100 713 355 761 tres-cruce,
371 724 424 751 au
444 712 527 751 lieu
548 711 599 750 de
621 713 743 761 gants
761 714 803 750 et
822 710 872 750 de
893 711 1166 751 chaussures?
1187 712 1362 752 N’est-ce
1384 725 1456 764 pas
1470 726 1527 752 un
1545 716 1668 754 exces

102 790 182 832 que
215 790 259 817 sa
287 777 478 830 patience
509 778 534 815 ἐι
570 778 790 828 supporter
822 776 881 815 les
914 776 1088 827 injures,
1124 777 1335 830 lorsqu'on
1370 777 1407 817 le
1440 778 1665 830 depouille‚

101 843 227 896 qu'on
247 842 285 882 le
306 841 454 882 souille
474 841 523 880 de
544 841 746 889 crachatS,
770 841 895 893 qu'on
918 842 955 881 le
975 842 1131 893 charge
1158 842 1532 883 continuellement
1551 843 1669 897 d'op-

100 908 272 961 probres
291 909 333 946 et
363 906 416 946 de
453 906 759 956 maledictions,
783 906 910 958 qu’on
944 907 1128 946 l'insulte
1161 907 1195 946 si
1222 907 1668 958 ignominieusement,

100 973 226 1026 qn'on
248 972 286 1012 le
315 971 459 1011 chasse
491 971 542 1010 de
576 971 616 1010 la
648 971 746 1011 ville
778 983 940 1011 comme
972 984 1028 1011 un
1059 972 1224 1024 insigne
1252 972 1509 1021 melfaiteur,
1540 973 1669 1026 qu’on

100 1038 245 1078 l’eleve
263 1048 424 1076 comme
445 1049 501 1075 un
529 1040 698 1088 serpent
730 1036 968 1085 venimeux,
991 1037 1173 1089 lorsque,
1203 1038 1372 1090 jusqu’zi
1400 1051 1475 1078 son
1503 1039 1671 1080 dernier

99 1103 254 1156 soupir,
279 1115 333 1141 on
354 1102 392 1141 le
413 1101 537 1140 truite
554 1101 589 1139 si
610 1101 933 1141 honteusement
951 1114 1112 1141 comme
1135 1103 1171 1141 le
1191 1103 1283 1155 plus
1304 1104 1476 1143 seelerat
1497 1105 1569 1143 des
1588 1104 1668 1144 cri·

99 1167 280 1208 miuels?
301 1166 376 1207 S’il
397 1166 466 1218 n’y
486 1167 600 1205 avait
620 1178 694 1218 pas
713 1179 766 1206 eu
787 1166 858 1205 des
878 1168 999 1206 exccs
1024 1179 1077 1206 en
1098 1171 1191 1207 tout
1216 1168 1319 1215 ceta,
1345 1169 1435 1207 leur
1454 1168 1543 1208 seul
1575 1181 1667 1208 sou-

99 1233 220 1272 venir
236 1231 417 1274 n'eurait
438 1244 512 1283 pas
532 1244 586 1271 au
601 1231 742 1282 jardin
766 1232 842 1271 fait
861 1232 986 1271 sortir
1020 1233 1071 1272 de
1092 1245 1165 1272 son
1197 1245 1315 1285 corps
1346 1246 1430 1273 une
1461 1246 1589 1274 sueur
1619 1235 1671 1274 de

99 1310 219 1350 sang.
241 1297 274 1337 ll
294 1309 399 1336 nous
419 1296 510 1336 faut
529 1300 706 1336 souvent
726 1297 964 1337 considerer
984 1309 1050 1337 ces
1070 1300 1189 1338 exces
1209 1298 1259 1338 de
1274 1298 1414 1345 bonte,
1430 1299 1481 1338 de
1493 1299 1668 1349 charite,

99 1362 350 1410 d’humilite,
374 1361 667 1409 d’obeissance,
689 1362 740 1401 de
759 1364 958 1414 pauvrete
990 1366 1033 1402 et
1063 1363 1114 1403 de
1147 1364 1356 1414 patience,
1388 1375 1511 1415 parce
1544 1363 1670 1416 qu’ils

100 1431 174 1467 ont
193 1439 244 1467 eu
266 1438 371 1478 pour
390 1438 511 1465 cause
532 1438 607 1465 nos
627 1428 748 1466 exces
781 1439 858 1478 par
889 1427 1068 1478 orgueil,
1100 1439 1177 1479 per
1205 1428 1374 1472 ivresse,
1405 1440 1483 1479 par
1513 1428 1670 1478 envies,

98 1504 175 1546 par
196 1491 482 1543 impatienees‚
506 1503 583 1542 par
602 1491 659 1530 les
678 1492 868 1542 voluptes
889 1492 1123 1531 charnelles
1142 1496 1184 1532 et
1214 1492 1273 1531 les
1304 1492 1529 1532 honteuses
1549 1492 1668 1532 vani-

99 1559 177 1598 tes.
199 1556 244 1596 Si
265 1568 367 1595 nous
388 1567 440 1594 ne
461 1559 643 1595 mettons
662 1568 735 1607 pas
755 1561 933 1596 souvent
952 1556 1104 1596 devant
1127 1569 1201 1596 nos
1221 1569 1332 1608 yeux
1352 1560 1416 1596 cet
1436 1559 1557 1597 exces
1577 1558 1667 1597 d'a-

99 1634 236 1669 mour,
259 1624 303 1660 et
322 1620 357 1660 si
376 1632 482 1660 nous
503 1633 554 1660 ne
575 1621 817 1672 corrigeons
836 1634 910 1674 pas
930 1633 982 1661 en
1003 1634 1109 1661 nous
1128 1634 1173 1662 ce
1194 1622 1266 1674 qui
1286 1634 1311 1661 a
1329 1624 1395 1662 ete
1414 1635 1522 1675 pour
1538 1623 1674 1663 Jesus—

99 1687 237 1728 Christ
257 1686 297 1725 la
324 1697 446 1725 cause
479 1685 529 1725 de
558 1689 648 1725 tant
681 1686 731 1725 de
764 1685 956 1736 douleur,
988 1699 1095 1726 nous
1127 1687 1335 1727 excedens
1366 1688 1672 1728 certainement

98 1754 249 1793 autaut
269 1762 319 1790 en
338 1750 599 1802 ingratitude
620 1763 701 1803 que
721 1750 759 1791 le
781 1752 971 1791 Sauveur
989 1751 1212 1792 lui-meme
1227 1765 1251 1791 a
1265 1752 1419 1793 excede
1433 1764 1486 1792 en
1501 1764 1669 1792 amour.

100 1816 280 1869 Puisque
300 1828 370 1854 sur
389 1819 495 1855 cette
517 1818 746 1867 montegne
766 1816 817 1855 de
839 1817 973 1868 gloire
992 1817 1020 1855 il
1042 1816 1158 1869 perle
1171 1817 1222 1856 de
1241 1829 1287 1857 ce
1302 1817 1426 1868 sujet,
1449 1818 1547 1857 c’est
1566 1817 1671 1870 qu'il

101 1974 189 2002 nem
223 1963 442 2009 copiosam?
474 1963 530 1998 An
576 1973 654 1999 non
691 1973 867 1999 excessus

907 1974 1011 1999 mum
1033 1974 1151 2009 usque
1172 1963 1330 1999 halitum
1353 1962 1655 2009 ignominiosissi

101 2008 258 2053 doloris,
289 2010 387 2056 quod
428 2010 510 2046 siue
542 2010 618 2046 ulla
638 2010 694 2046 vel
718 2011 868 2046 interna

908 2021 967 2047 me
988 2015 1164 2047 tractatur
1196 2016 1235 2047 ut
1267 2011 1614 2047 sceleratissimus?
1633 2011 1672 2048 Si

20 2510 22 2512 -
0 1981 35 2480 t..-·.;s·.-3.³⁴W·ev
6 1767 36 1963 *wave-
10 1718 20 1731 ·-
5 1645 24 1683 τ·

102 2058 376 2102 consolatione,
399 2057 455 2093 vel
485 2062 654 2103 externa,
681 2057 728 2094 ab
762 2058 868 2094 horto

103 2115 221 2152 usque
242 2105 287 2141 nd
308 2115 459 2141 ciucem
474 2105 674 2142 derelictus
691 2116 868 2151 perman-

104 2154 220 2191 serit?
241 2154 294 2188 An
331 2163 406 2188 non
439 2163 616 2189 excessus
644 2152 869 2189 obedientiae

104 2206 139 2238 et
186 2200 426 2242 humilitatis,
467 2200 566 2246 quod
619 2201 868 2236 exinaniverit

104 2247 348 2294 semetipsum
383 2247 564 2284 obediens
601 2248 719 2284 factus
752 2258 869 2294 usque

104 2296 150 2333 ad
171 2299 344 2338 mortem,
366 2300 525 2331 mortem
560 2300 685 2331 autem
715 2296 863 2332 erucis.
856 2298 871 2322 ²

106 2342 162 2380 An
190 2353 266 2379 non
299 2352 474 2379 excessus
510 2343 750 2389 paupertatis,
772 2344 869 2389 quod

105 2401 185 2427 non
207 2389 339 2426 habeat
360 2395 398 2426 ut
432 2395 543 2436 caput
576 2391 748 2435 reclinet,
771 2391 869 2437 quod

106 2437 209 2476 trabe
238 2437 362 2491 lignea
394 2438 518 2473 nudus
550 2438 603 2474 uti
637 2437 769 2474 debeat
804 2449 870 2485 pro

107 2478 218 2526 lecto.
251 2485 382 2532 spinea
414 2495 553 2521 cotona
592 2496 658 2531 pro
697 2485 867 2532 pulvillo,

107 2532 222 2569 clavis
280 2533 480 2569 dirissimis
530 2543 596 2579 pio
648 2533 786 2570 calceis
835 2539 869 2569 et

109 2580 341 2617 chirotecis?
383 2580 437 2616 An
477 2590 554 2616 non
611 2590 786 2617 excessus
832 2582 870 2618 in

110 2626 289 2674 patientia
309 2632 345 2664 et
365 2627 598 2674 perf-ciendis
611 2628 868 2671 contumeliis,

111 2674 202 2710 dum
221 2674 446 2719 denudatur,
458 2675 548 2711 dum
565 2675 683 2721 sputis
698 2676 869 2721 faedatur,

113 2720 203 2757 dum
222 2722 430 2759 maledictis
449 2723 735 2769 opprobriisque
755 2724 870 2760 conti-

114 2777 190 2804 nuo
208 2769 394 2814 oderetur,
416 2770 507 2806 dum
527 2771 620 2807 adeo
646 2771 871 2825 ignominio-

115 2824 154 2850 se
185 2814 366 2860 illuditur,
385 2799 477 2853 ’dum
502 2817 650 2863 ejicitur
678 2829 698 2855 e
724 2819 873 2854 civitate

116 2865 158 2898 ut
177 2861 269 2899 latro
298 2864 495 2910 pessimus,
516 2866 607 2901 dum
639 2865 803 2902 elevatur
836 2870 874 2901 ut

115 2918 271 2956 serpens
303 2917 517 2958 venenatum,
539 2913 630 2950 dum
668 2914 713 2950 ad
746 2918 873 2950 extre-

907 2069 984 2094 non
1006 2058 1134 2094 suisset
1150 2069 1325 2094 excessus
1347 2058 1385 2094 in
1405 2058 1462 2094 his
1476 2057 1670 2103 omnibus,

908 2106 985 2141 sola
1027 2106 1159 2141 horum
1201 2106 1383 2142 memoria
1422 2106 1455 2141 ei
1490 2106 1529 2141 in
1566 2105 1674 2143 horto

908 2154 1157 2199 sanguineum
1193 2154 1368 2189 sudorem
1399 2164 1476 2188 non
1498 2153 1674 2189 excusis-

908 2206 972 2236 set.
1010 2202 1117 2237 {lunc
1152 2201 1344 2240 bonitatis
1366 2200 1573 2243 cllaiitatis,
1597 2200 1668 2236 hu·-

909 2248 1014 2284 milit
1008 2249 1092 2294 ιιι5,
1131 2249 1372 2292 clamentiae,
1424 2247 1668 2294 paupertatis,

910 2297 1100 2342 patientiae
1148 2306 1342 2332 excessum
1395 2295 1532 2341 saepius
1581 2305 1669 2331 cum

907 2355 1035 2380 amore
1067 2349 1099 2380 et
1133 2344 1395 2390 compassione
1434 2342 1671 2379 considerare

908 2402 978 2427 nos
1007 2392 1283 2438 opo1tet;quia
1306 2391 1416 2436 hujus
1436 2400 1548 2426 causa
1568 2394 1672 2434 sunt,

909 2449 1085 2475 excaessus
1106 2444 1231 2475 noster
1264 2450 1329 2485 per
1356 2437 1585 2484 supa-biam,
1608 2447 1675 2484 per

909 2486 1036 2522 ebriet
1031 2492 1122 2530 nes,
1143 2497 1208 2532 per
1230 2486 1389 2522 invidias
1410 2491 1444 2520 et
1466 2485 1674 2531 impatien-

909 2534 992 2575 tias,
1018 2544 1082 2579 per
1103 2534 1274 2570 carnales
1306 2534 1529 2579 voluptate&
1551 2536 1587 2568 et
1618 2532 1674 2568 in-

910 2583 1028 2617 fames
1049 2582 1243 2626 vanitmites
1266 2586 1365 2617 cette
1387 2584 1571 2625 quantum
1592 2578 1674 2626 ipse

910 2609 1257 2665 excessitcbr’istus
1290 2629 1326 2664 in
1363 2637 1506 2670 amore,
1527 2631 1675 2663 tantum

910 2687 979 2712 nos
1010 2676 1228 2712 excedimus
1260 2676 1300 2711 in
1333 2675 1620 2721 ingratitudine,
1642 2674 1674 2711 si

913 2724 1014 2759 hunc
1042 2723 1182 2759 amoris
1218 2733 1414 2759 excessum
1461 2724 1675 2768 frequenter

910 2771 1031 2807 oculis
1051 2770 1189 2807 nostris
1210 2781 1287 2806 non
1322 2770 1559 2815 abjiciamus,
1581 2769 1612 2806 si
1638 2774 1676 2806 et.

912 2829 955 2854 ea
975 2828 1058 2864 quae
1079 2818 1113 2854 ei
1133 2828 1246 2854 causa
1264 2818 1368 2854 fuere
1389 2821 1502 2854 tantae
1534 2816 1676 2854 acerbi-

913 2866 998 2901 tatis
1031 2875 1108 2901 non
1129 2865 1389 2901 emendemus.
1424 2864 1676 2911 Quandoqui-

912 2913 997 2950 dem
1019 2912 1089 2950 hac
1108 2913 1154 2950 de
1176 2923 1214 2949 re
1235 2913 1274 2949 iu
1294 2917 1422 2949 niente
1455 2913 1524 2950 isto
1544 2911 1678 2959 gloriae
