1858 3146
237 173 317 214 388
655 182 703 212 LE
733 182 938 213 RATIONAL
966 182 1040 211 DES
1070 173 1388 212 PREDICATEURS.

238 262 377 303 meme
395 273 469 313 pas
486 261 526 301 le
544 261 734 301 toucher.
755 262 820 301 On
838 261 878 300 le
903 260 992 300 voit
1022 258 1138 299 enfin
1170 259 1275 300 dans
1304 260 1489 299 Absalon
1522 261 1625 313 qu’il
1656 262 1809 313 pleura

238 328 500 368 amerement
518 328 638 379 apres
657 338 704 366 sa
722 329 846 373 mort,
869 326 968 365 bien
988 337 1070 377 que
1089 337 1135 364 ce
1152 325 1217 364 fils
1248 325 1454 365 denature
1485 329 1558 366 eut
1589 329 1752 368 attente
1781 331 1809 369 a

236 391 281 433 le.
297 392 365 432 vie
392 397 435 432 et
461 394 486 431 ὲ,
516 392 557 432 la
587 403 798 432 couronne
829 391 881 431 de
910 403 987 430 son
1019 391 1133 442 pere.
1168 392 1228 430 La
1257 390 1396 442 priere
1429 390 1480 430 de
1512 402 1578 431 ces
1605 392 1813 444 aveugles

235 457 462 498 ressemhle
481 459 506 496 ἐι
524 457 687 498 celle-ei
709 470 718 496 :
741 457 923 507 Puisque
943 455 1076 495 David
1096 455 1192 494 s'est
1211 455 1425 506 distingue
1445 468 1522 508 par
1540 468 1625 496 une
1646 457 1809 508 grande

234 522 518 573 misericorde,
540 534 644 562 vous
663 523 735 574 qui
754 523 840 561 etes
863 533 938 560 son
958 521 1036 570 fils,
1059 533 1162 560 vous
1195 520 1326 561 n'etes
1357 533 1431 573 pas
1460 521 1598 561 moins
1630 523 1809 565 clement

235 601 319 642 que
338 593 455 629 votre
474 590 589 640 pere,
611 600 713 640 ayez
733 587 840 627 donc
862 586 964 638 pitie
983 587 1034 626 de
1054 599 1175 625 nous.

288 657 331 695 2⁹
351 655 497 694 Pom'r.
517 675 570 683 —-
588 654 624 692 ll
642 665 670 704 y
689 665 715 692 a
731 652 801 701 ici,
823 654 916 691 tant
935 652 991 691 du
1011 652 1101 691 cote
1130 651 1181 691 de
1202 651 1410 703 l'aveugle
1441 663 1523 703 que
1543 652 1599 691 du
1631 653 1720 692 cote
1751 655 1809 694 du

235 718 390 767 Christ,
413 718 614 771 quelques
645 718 947 757 circonstances
979 718 1004 756 ὲ
1036 728 1283 769 remarquer
1314 717 1419 757 dans
1451 718 1493 757 la
1525 717 1724 768 guerison
1755 718 1809 759 de

234 784 445 836 l’aveugle
465 785 567 823 dont
586 795 691 822 nous
710 783 879 834 parlons
898 782 967 822 ici.
990 782 1184 829 D’abord,
1207 782 1264 822 du
1284 783 1373 822 cote
1390 783 1441 822 de
1460 783 1683 835 l'aveugle‚
1705 795 1810 824 non-

235 849 472 890 seulement
491 849 521 888 il
553 848 656 888 etait
675 848 869 900 aveugle,
891 848 997 887 mais
1028 860 1179 888 encore
1209 848 1241 887 il
1272 848 1491 896 mendieit,
1526 848 1557 887 il
1588 849 1811 901 manquait

234 915 288 955 de
306 918 414 962 tout,
436 926 482 954 ce
502 913 575 966 qui
597 913 636 953 le
654 913 824 953 rendait
854 913 1043 953 d’eutant
1061 914 1156 965 plus
1177 913 1306 965 digne
1327 913 1379 953 de
1410 913 1530 965 pitie.
1564 914 1624 954 On
1657 925 1710 954 ne
1737 925 1807 954 ra·

235 984 358 1020 conte
379 979 495 1019 nulle
514 982 609 1031 part
657 990 710 1018 ue
730 978 768 1018 le
794 978 933 1018 Christ
965 978 1024 1017 ait
1056 978 1191 1018 rendu
1222 979 1263 1017 la
1293 990 1374 1017 vue
1408 990 1491 1017 aux
1521 978 1679 1025 riches;
1714 983 1810 1019 tous

234 1056 342 1085 ceux
361 1044 463 1096 qu'il
485 1044 622 1096 guerit
687 1043 802 1083 aient
821 1054 1001 1095 pauvres
1021 1046 1062 1082 et
1083 1043 1333 1091 mendiants,
1355 1055 1399 1083 ce
1433 1043 1507 1095 qui
1526 1043 1693 1083 rendait
1712 1044 1806 1084 leur

234 1109 363 1150 cecite
380 1108 655 1149 tres-difficile
675 1111 700 1148 ἐι
731 1112 968 1160 supporter.
1000 1109 1077 1147 Les
1108 1107 1243 1147 riches
1275 1111 1350 1147 ont
1378 1120 1431 1147 en
1460 1108 1703 1148 abondance
1735 1109 1808 1149 des

231 1175 458 1215 serviteurs
477 1178 518 1214 et
538 1174 610 1214 des
628 1176 799 1225 parents
818 1185 926 1225 pour
946 1173 1005 1212 les
1025 1173 1230 1222 consoler,
1253 1177 1294 1212 et
1319 1173 1411 1211 leur
1441 1173 1593 1213 rendre
1625 1173 1685 1213 les
1717 1185 1807 1214 ser-

233 1240 344 1280 vices
363 1239 487 1292 qu’ils
506 1251 559 1279 ne
579 1242 764 1291 peuvent
784 1251 827 1278 se
847 1238 999 1278 rendre
1020 1238 1286 1278 eux-memes
1318 1239 1342 1277 ὲ
1361 1249 1484 1277 cause
1516 1238 1568 1278 de
1597 1237 1690 1278 leur
1717 1240 1806 1278 etat

233 1305 286 1346 de
307 1307 450 1345 cecite.
472 1306 531 1344 Ne
552 1316 703 1355 soyons
724 1316 796 1355 pas
815 1304 987 1343 etennes
1008 1315 1089 1355 que
1110 1306 1231 1342 notre
1260 1303 1439 1353 eveugle
1464 1303 1545 1343 soit
1565 1303 1618 1342 ici
1638 1303 1810 1355 depeint

232 1383 394 1411 comme
415 1370 673 1410 demandant
692 1370 903 1409 l'aumdne
923 1369 962 1408 le
982 1368 1086 1420 long
1106 1368 1176 1408 des
1207 1368 1397 1407 chemins
1409 1381 1420 1418 ;
1443 1380 1514 1408 car
1533 1368 1597 1408 s'il
1616 1381 1641 1408 a
1660 1370 1727 1409 ete
1746 1369 1809 1409 dit

231 1448 318 1476 aux
335 1437 357 1477 J
364 1436 445 1476 uifs
468 1449 477 1475 :
502 1451 519 1471 «
544 1435 579 1476 ll
599 1447 653 1474 ne
672 1447 715 1475 se
735 1437 934 1474 trouvera
951 1433 1089 1486 parmi
1109 1446 1211 1473 vous
1232 1446 1368 1473 aucun
1401 1445 1560 1485 pauvre
1593 1433 1637 1473 ni
1668 1445 1808 1474 aucun

231 1501 473 1550 mendiant;
497 1516 516 1538 »
540 1500 570 1540 il
601 1500 694 1539 faut
724 1500 903 1551 prendre
923 1511 989 1539 ces
1007 1499 1173 1550 paroles
1202 1511 1287 1538 non
1321 1511 1484 1539 comme
1514 1511 1572 1538 un
1593 1500 1805 1551 precepto,

233 1566 340 1607 mais
358 1577 522 1606 comme
540 1577 625 1605 une
643 1567 912 1616 recompense
933 1564 983 1603 de
1016 1563 1310 1603 l'observation
1330 1563 1380 1603 de
1401 1564 1442 1602 la
1461 1563 1533 1611 loi,
1556 1575 1610 1603 ou
1643 1564 1677 1603 si
1706 1564 1808 1605 elles

232 1635 330 1672 sont
348 1643 405 1670 un
423 1633 632 1683 precepte‚
648 1629 746 1670 c'est
766 1642 823 1668 un
839 1630 1035 1681 precepte
1050 1629 1122 1680 qui
1135 1640 1186 1668 ne
1207 1628 1361 1668 defend
1376 1641 1449 1680 pas
1463 1641 1548 1668 aux
1562 1641 1741 1681 pauvres
1754 1629 1808 1670 de

231 1696 437 1744 mendier‚
462 1695 568 1735 mais
588 1695 660 1747 qui
680 1707 706 1733 a
724 1696 791 1734 ete
811 1694 948 1733 donne
969 1706 1052 1733 aux
1071 1694 1205 1733 riches
1226 1706 1333 1745 pour
1352 1693 1476 1745 qu'iis
1490 1706 1543 1733 ne
1560 1693 1805 1746 negligens-

233 1766 326 1802 sent
343 1761 465 1814 point
484 1760 543 1801 les
563 1772 757 1812 pauvres,
779 1759 828 1798 de
851 1759 948 1798 telle
968 1763 1078 1798 sorte
1100 1758 1223 1810 qu'en
1244 1758 1352 1798 voiei
1372 1759 1410 1797 le
1424 1770 1518 1798 sens
1535 1770 1544 1796 :
1567 1760 1681 1810 Ayez
1695 1759 1803 1809 soin‚

231 1826 350 1867 selon
371 1838 452 1879 que
472 1837 574 1865 vous
594 1825 633 1864 le
654 1836 844 1876 pourrez,
868 1836 948 1875 que
969 1823 1223 1875 l'indigence
1254 1823 1440 1874 n’ohlige
1472 1834 1610 1863 aucun
1631 1823 1682 1864 de
1702 1836 1808 1866 vous

233 1894 258 1932 ὲ
277 1891 490 1940 mendier;
514 1890 619 1932 mais
651 1890 790 1942 pretez
815 1892 980 1928 surtout
1000 1901 1085 1928 aux
1116 1888 1304 1928 infirmes
1341 1891 1382 1927 et
1415 1900 1500 1927 aux
1536 1888 1736 1940 maladeS,
1764 1893 1808 1930 et

230 2087 426 2131 attingere.
457 2086 578 2122 i’atuit
604 2086 776 2139 ⁸denique
808 2096 894 2128 erga
927 2084 999 2120 Ab-
1036 2085 1209 2131 junctam
1260 2085 1442 2130 inopiam.
1480 2083 1664 2120 Divitibus
1719 2095 1806 2123 vero

231 2134 416 2176 salonem,
433 2144 543 2180 quem
566 2138 754 2169 mortuum
787 2143 913 2168 amare
949 2133 999 2168 iu·
1040 2143 1110 2169 nee
1131 2132 1278 2176 famuli,
1301 2142 1370 2168 nec
1392 2136 1565 2178 parentes
1590 2132 1654 2177 qui
1675 2132 1806 2170 solen-

230 2187 304 2229 get,
334 2182 421 2218 licet
452 2182 532 2227 ipse
564 2180 803 2217 insidiaretur
826 2181 910 2217 vitae
932 2192 998 2226 pa-
1040 2186 1113 2224 tur,
1157 2181 1295 2226 quique
1342 2179 1552 2215 ministerio
1599 2189 1667 2215 suo
1711 2190 1805 2226 sup-

230 2235 363 2272 ternae,
385 2230 539 2275 ejusque
566 2233 726 2274 sceptro.
751 2228 853 2263 Idem
887 2228 999 2272 igitur

230 2282 301 2321 est,
322 2287 366 2315 uc
386 2277 418 2312 si
437 2277 605 2313 dicerent
626 2275 662 2312 hi
684 2275 772 2312 caeci
798 2286 805 2311 :
823 2276 915 2319 Quia
935 2277 999 2311 Da-

229 2325 291 2363 vid
330 2324 471 2369 insigni
503 2323 682 2360 excelluit
724 2323 996 2367 misericordia,

231 2378 269 2410 tu
291 2373 354 2420 qui
376 2372 476 2409 {iiius
497 2372 577 2418 eJ'us
598 2382 651 2414 es,
686 2383 707 2406 a
742 2375 893 2416 paterna
926 2372 996 2407 cie-

229 2421 373 2458 mentia
393 2429 471 2457 non
490 2419 709 2465 degeneras,
731 2429 817 2463 ergo
839 2419 996 2454 miscre-

232 2480 273 2505 re
292 2467 426 2505 nostri.

279 2517 371 2552 Sunt
405 2524 515 2562 porro
535 2514 676 2560 aliquot
703 2514 996 2549 circumstantia·

230 2564 269 2601 in
299 2563 390 2601 caeci
424 2561 541 2600 nostri
570 2561 763 2598 curatione
785 2562 997 2607 ponderan-

229 2612 302 2654 dae,
325 2616 403 2647 tum
425 2622 468 2646 ex
491 2613 593 2656 parte
612 2609 718 2650 cneci,
741 2613 820 2645 tum
841 2620 883 2644 ex
908 2620 994 2654 par-

231 2664 266 2696 te
286 2658 439 2695 Christi.
467 2659 507 2694 ln
530 2657 661 2704 primis
681 2667 724 2692 ex
754 2661 856 2703 parte
888 2657 992 2699 efflei,

229 2718 241 2742 ‹
257 2707 316 2743 uin
348 2717 422 2743 non
455 2706 578 2742 sotum
599 2714 736 2747 ezecuS,
752 2704 815 2739 sed
835 2708 870 2739 et
892 2715 995 2739 men-

257 2755 362 2792 icans
399 2758 491 2798 crat,
525 2752 726 2799 inopiaque
758 2761 930 2798 pressus;
958 2754 994 2786 ct

228 2802 313 2840 ideo
342 2801 460 2844 mauis
491 2799 821 2837 commiseratione
841 2799 989 2843 dignus.

230 2850 307 2887 Nec
327 2849 497 2886 Christus
530 2848 664 2893 iegitur
695 2846 801 2884 diviti
835 2844 902 2883 ulii
936 2846 992 2882 vi-

229 2908 312 2935 sum
348 2896 584 2939 1·esti1uisse;
614 2905 748 2933 omnes
773 2898 879 2931 erant
923 2903 992 2930 au-

229 2956 336 2991 pcres
369 2949 405 2981 ct
437 2943 619 2987 mendici,
646 2942 782 2990 quibus
815 2951 891 2979 coee
910 2941 992 2978 tutis

226 2993 394 3032 desectus
424 2991 668 3039 gravissimus
687 2994 781 3038 erut,
804 2988 853 3028 ob
870 2988 905 3027 ei
923 2989 991 3027 ad—

1039 2229 1179 2274 pieant‚
1202 2228 1288 2274 quia
1309 2226 1356 2263 ob
1377 2226 1583 2263 caecitatem
1605 2236 1671 2272 per
1690 2237 1729 2263 se
1750 2227 1804 2311 ig-

1038 2277 1067 2311 si
1106 2280 1281 2322 praestare
1320 2279 1525 2320 nequeunt.
1566 2273 1696 2319 Neque
1735 2275 1760 2311 ti
1791 2275 1804 2311 i

1038 2324 1176 2359 mirum
1198 2323 1365 2359 videatur
1380 2322 1468 2368 quia
1488 2331 1612 2358 caecus
1634 2322 1694 2358 bic
1713 2322 1804 2359 des-

1037 2371 1194 2407 cribitur
1222 2380 1329 2407 secus
1362 2370 1458 2406 viam
1489 2369 1804 2414 1n0n‹1icans;li-

1036 2423 1090 2455 cet
1108 2430 1196 2455 nam
1213 2419 1251 2454 in
1265 2418 1497 2461 iegedictuni
1513 2417 1624 2453 suerit
1636 2417 1800 2454 Judaeis:

1039 2482 1051 2497 ιι
1080 2467 1121 2502 Et
1142 2467 1299 2502 omnino
1321 2465 1511 2510 indigens,
1533 2469 1569 2501 et
1601 2464 1802 2501 mendicus

1038 2525 1112 2549 non
1135 2515 1204 2550 erit
1225 2514 1322 2550 inter
1343 2524 1428 2556 v0s;
1453 2529 1466 2546 »
1487 2513 1558 2549 hoe
1578 2516 1703 2548 tumen
1736 2512 1803 2549 in-

1037 2562 1284 2605 telligendum
1322 2564 1389 2605 est,
1426 2570 1500 2597 non
1543 2564 1720 2606 tanquam
1752 2560 1803 2596 sit

1036 2613 1280 2655 pra-ceptam,
1303 2609 1365 2644 scd
1400 2612 1577 2653 tanquam
1600 2607 1644 2642 sit
1667 2606 1801 2643 obser-

1035 2661 1126 2692 vaae
1148 2657 1239 2700 legi„
1260 2656 1474 2703 praemium,
1498 2654 1551 2690 vot
1583 2654 1613 2689 si
1636 2664 1801 2702 praecep-

1035 2708 1111 2739 tum
1156 2709 1225 2747 cst,
1272 2714 1348 2739 non
1396 2700 1565 2756 prohibet
1615 2710 1800 2748 pauperes

1034 2751 1262 2794 mendicare,
1283 2750 1347 2786 sed
1368 2748 1547 2786 divitibus
1567 2749 1695 2786 datum
1710 2748 1794 2795 fuit,

1033 2803 1071 2834 ut
1093 2809 1168 2834 non
1192 2798 1423 2843 negligerent
1444 2806 1641 2843 pauperes,
1674 2797 1725 2834 ita
1757 2801 1799 2835 ut

1032 2856 1164 2882 sensus·
1185 2846 1232 2881 sit
1255 2856 1262 2881 z
1286 2847 1418 2881 Curate
1451 2855 1516 2891 pro
1546 2855 1655 2891 posse
1674 2848 1798 2882 vestro

1032 2897 1070 2929 ut
1092 2893 1189 2929 iuter
1210 2904 1273 2928 vos
1294 2892 1388 2929 nuni
1412 2892 1631 2929 mendicent
1644 2901 1690 2928 ex
1702 2900 1798 2939 pura

1033 2940 1257 2984 inclimentum
1280 2940 1343 2975 sed
1366 2939 1440 2976 illis.
1462 2944 1643 2985 mutuate,
1671 2939 1796 2976 maxi-

1031 2999 1092 3027 me
1110 2988 1273 3027 infirmis
1299 2992 1335 3027 ct
1365 2987 1557 3036 invalidis,
1577 2986 1707 3036 sieque
1727 2985 1795 3024 be-
