1858 3146
409 150 590 182 1118111118
617 147 832 180 nmmum
860 139 988 179 ,418115
1015 138 1288 180 L’srlrmnm.
1585 144 1636 182 Π

118 232 263 276 Sainte
298 230 555 283 Marguerite
590 228 642 268 de
678 227 880 280 Hongrie,
914 227 1002 268 fille
1033 227 1090 268 du
1127 227 1191 267 roi
1228 227 1280 268 de
1316 229 1529 281 Hongrie‚
1564 230 1633 270 fut

63 299 207 353 placee
238 298 263 336 8
291 295 404 348 Pege
434 295 485 335 de
516 293 588 334 dix
619 304 696 332 ans
726 304 782 332 88
815 293 1055 333 monestere
1087 292 1212 332 fonde
1242 304 1350 344 pour
1381 292 1561 336 l’amour
1579 294 1638 336 du

65 362 203 405 Christ
219 373 297 415 par
315 372 379 401 ses
396 360 566 413 parents
584 361 626 398 et
645 370 785 397 connu
804 357 1077 410 aujourd’hui
1107 369 1204 397 sous
1223 357 1262 398 le
1283 369 1385 398 nom
1417 359 1469 398 de
1500 360 1636 402 sainte

63 427 210 470 Marie.
231 425 323 466 Elle
342 437 370 477 y
389 424 437 464 fit
454 421 690 476 profession
711 424 736 461 a
753 421 862 474 l'age
883 422 934 462 de
954 421 1087 462 douze
1107 433 1197 461 ans.

118 492 262 534 Citons
293 489 406 530 enfin
438 488 642 540 quelques
674 489 816 527 autres
847 487 1030 536 enfants,
1053 489 1251 538 martyrs,
1274 487 1348 539 qui
1367 488 1640 540 repandirent

65 556 441 610 courageusement
459 553 552 593 leur
572 564 677 604 sang
696 564 804 604 pour
823 553 844 593 J
850 552 1106 592 esus-Christ
1125 554 1150 591 a
1169 552 1301 592 douze
1322 564 1414 592 ans.

119 624 187 664 Un
217 621 289 662 des
318 619 413 672 plus
439 618 623 659 celebres
653 617 791 670 parmi
823 629 905 658 eux
937 618 1003 657 fut
1035 618 1147 657 saint
1174 617 1282 666 Vite,
1305 618 1410 658 dont
1429 631 1484 658 on
1505 618 1583 659 fait
1600 619 1644 660 la

66 688 150 728 sete
169 686 208 727 le
228 686 276 726 15
292 685 403 736 juin,
425 695 524 724 avec
543 683 652 723 saint
671 683 858 723 Modeste
878 687 919 723 et
939 684 1075 723 sainte
1092 684 1330 730 Crescence‚
1349 684 1422 736 qui
1438 682 1640 726 l'avaient

65 751 237 793 instruit
256 750 359 790 (1885
378 750 420 790 18
438 748 553 789 vraie
574 748 646 796 foi,
669 750 694 788 a
712 748 837 788 l'insu
870 748 921 788 de
953 760 1017 788 ses
1050 751 1236 800 parents.
1272 750 1465 788 Parvenu
1486 751 1511 788 8
1530 749 1644 802 1’888

66 818 119 859 (18
149 817 280 857 douze
299 827 389 864 ans,
412 814 443 854 il
462 814 575 854 avait
596 825 679 853 une
698 814 734 853 si
755 813 918 865 grande
939 813 1093 854 ardeur
1113 814 1164 854 de
1184 814 1244 853 foi
1263 818 1306 854 et
1324 814 1375 854 de
1396 815 1507 866 piete
1539 815 1644 868 qu'il

65 894 120 924 ne
138 880 348 934 craignait
368 892 505 939 aucun
526 882 756 919 tourment.
780 880 866 920 Son
887 880 987 931 pere
1008 878 1122 918 Hilas
1144 878 1370 919 travaillait
1389 880 1440 920 de
1461 883 1554 920 tout
1567 892 1644 921 son

67 946 247 1002 pouvoir
266 948 291 985 8
310 945 349 985 18
370 945 599 985 (1810811181-
619 943 670 984 (18
689 943 731 983 18
750 943 866 984 vraie
898 943 972 994 foi,
995 944 1101 983 mais
1120 955 1170 984 en
1197 944 1308 984 vain.
1343 946 1483 985 Douze
1515 957 1647 997 anges

68 1012 130 1054 lui
148 1011 408 1065 apparurent
427 1010 577 1062 aupres
608 1009 659 1049 de
690 1021 766 1049 son
787 1009 951 1059 cusam,
983 1013 1026 1049 et
1058 1010 1149 1049 leur
1180 1010 1288 1049 eolat
1319 1010 1422 1050 etait
1444 1011 1499 1050 tel
1521 1010 1645 1064 qu’ils

66 1076 387 1129 l’aveuglerent.
421 1075 537 1123 Mais,
572 1087 643 1114 sur
674 1074 716 1114 la
747 1074 884 1126 priere
918 1074 968 1114 de
1000 1087 1076 1114 508
1107 1075 1188 1121 fils,
1212 1074 1242 1114 il
1262 1086 1466 1115 recouvra
1487 1076 1528 1116 la
1547 1088 1646 1118 vue.

67 1142 346 1194 L’Empereur
365 1139 611 1188 Diocletien‚
633 1140 738 1179 dont
756 1140 785 1179 il
806 1139 921 1179 avait
940 1139 1099 1180 delivre
1120 1140 1162 1179 18
1180 1140 1267 1180 fille
1287 1142 1579 1192 energumeno
1604 1145 1648 1183 et

66 1206 266 1261 possedeo
285 1206 341 1246 du
360 1205 526 1255 demon,
543 1205 581 1249 18
600 1204 649 1244 fit
664 1204 774 1256 jeter
789 1204 893 1244 dans
907 1216 990 1244 une
1012 1205 1227 1245 fournaise
1248 1205 1440 1256 ardente,
1462 1207 1646 1248 alimen-

69 1273 139 1313 tee
158 1283 257 1312 avec
277 1271 333 1310 du
352 1270 512 1323 plomb,
535 1269 586 1309 de
606 1270 648 1309 la
667 1269 766 1321 poix
786 1275 828 1309 et
847 1269 898 1309 de
918 1269 959 1309 la
978 1269 1131 1309 resine.
1155 1270 1267 1318 Pais,
1291 1270 1321 1309 il
1340 1270 1524 1323 l’exposa
1544 1275 1569 1312 a
1588 1285 1648 1313 un

68 1337 156 1377 lion
176 1336 360 1376 furieux.
385 1337 552 1386 Voyant
572 1346 654 1385 que
674 1346 740 1373 885
759 1334 964 1386 supplices
997 1346 1049 1373 ne
1081 1335 1282 1373 venaient
1309 1347 1383 1387 pas
1416 1338 1441 1375 a
1473 1337 1576 1376 bout
1595 1338 1649 1378 de

68 1399 371 1447 l'extcrminer‚
395 1398 483 1438 ille
503 1398 551 1438 fit
570 1397 708 1437 battre
739 1398 774 1437 si
805 1398 1083 1438 oruellement
1114 1411 1196 1451 que
1229 1411 1293 1439 ses
1326 1413 1371 1439 os
1402 1404 1445 1440 et
1476 1413 1539 1441 ses
1570 1414 1648 1443 en-

68 1464 228 1506 trailles
247 1463 406 1504 etaient
425 1462 504 1502 mis
525 1464 550 1502 a
568 1474 644 1502 nu.
666 1462 699 1502 Il
720 1475 774 1502 en
794 1466 980 1503 mourut.

123 1531 190 1571 Un
210 1532 328 1570 autre
348 1528 535 1568 chretien
557 1529 729 1568 nomme
763 1528 909 1568 Conon
943 1528 1110 1569 souffrit
1138 1541 1246 1581 pour
1278 1531 1320 1570 la
1351 1531 1410 1571 foi
1443 1532 1480 1571 le
1512 1532 1653 1584 vingte

71 1595 180 1636 neuf
206 1594 294 1635 mai
325 1605 426 1634 avec
456 1605 531 1633 son
564 1593 630 1632 fils
660 1594 741 1645 age
777 1593 829 1633 de
860 1593 993 1633 douze
1031 1606 1121 1643 885,
1151 1596 1273 1647 apres
1302 1596 1421 1636 avoir
1439 1598 1506 1637 ete
1526 1598 1652 1649 grille

72 1659 246 1701 d’abord
265 1671 336 1700 sur
356 1659 411 1699 du
431 1657 632 1706 charbon,
650 1661 792 1698 arrose
812 1658 970 1699 d’huile
990 1659 1224 1700 bouillante
1245 1664 1286 1701 et
1304 1661 1388 1714 pile
1410 1664 1434 1702 a
1454 1674 1583 1716 coups
1597 1663 1651 1705 de

71 1729 280 1767 marteau.
301 1725 445 1765 Conon
466 1736 519 1764 ne
538 1723 686 1764 voulut
717 1736 792 1777 pas
822 1724 927 1764 aller
958 1724 1063 1764 dans
1093 1725 1134 1765 18
1168 1726 1302 1778 gloire
1332 1739 1427 1767 sans
1458 1740 1533 1768 son
1566 1728 1651 1770 fils.

72 1791 243 1832 Comme
263 1801 318 1830 on
335 1790 374 1830 le
394 1789 568 1830 trainait
586 1789 741 1830 devant
759 1789 799 1829 le
823 1790 926 1841 juge
947 1790 1000 1830 de
1027 1791 1283 1841 Nicomedis,
1307 1792 1335 1832 il
1362 1793 1422 1833 lui
1453 1795 1654 1846 presenta

72 1867 150 1896 son
168 1854 316 1896 enfant
336 1854 387 1895 de
407 1854 539 1895 douze
559 1866 636 1894 ans
654 1866 819 1895 comme
839 1855 1040 1904 8111811811,
1064 1856 1323 1898 demandant
1351 1870 1459 1910 pour
1480 1859 1652 1901 celui-ci

122 2010 260 2047 Sancta
291 2009 371 2046 Mar
397 2009 492 2045 81118
523 2008 753 2055 1188381188,
774 2009 848 2045 Re-
889 2009 967 2046 filio
998 2011 1200 2048 duodecim
1229 2011 1406 2059 Angelos,
1440 2017 1544 2050 tanto
1585 2013 1657 2050 t'ul-

100 2057 133 2094 is
154 2056 355 2104 Hungariae
373 2019 470 2102 11118,
490 2065 580 2092 curn
607 2067 709 2093 8880
729 2057 849 2093 aetatis
888 2068 976 2103 gore
997 2063 1037 2094 ut
1057 2068 1144 2095 eum
1162 2065 1397 2097 excaecarent
1418 2071 1426 2096 :
1449 2061 1516 2097 sed
1539 2071 1657 2098 oran·-

74 2069 226 2142 {ecimo
248 2103 430 2140 translata
450 2103 580 2140 ruisset
612 2105 659 2140 ad
691 2114 849 2141 monas·
890 2111 924 2141 te
945 2105 1023 2142 [itio
1056 2106 1177 2142 visum
1211 2108 1364 2154 recepit.
1401 2108 1657 2145 Diocletianus

77 2153 213 2190 terium
236 2152 373 2188 insulae
407 2151 585 2196 Danubii,
606 2151 652 2188 ab
672 2152 752 2198 ejus
780 2163 849 2198 pa—
889 2156 1096 2199 Imperator
1116 2157 1175 2199 (ex
1193 2156 1303 2201 qu'us
1324 2156 1402 2191 filia
1429 2166 1659 2203 energume-

76 2199 250 2238 rentibus
294 2199 433 2235 Christi
466 2209 594 2235 amore
634 2199 849 2244 fundatum,
890 2212 938 2237 118
956 2201 1150 2238 diabolum
1171 2202 1329 2249 fugarat)
1351 2214 1440 2240 eum
1461 2204 1501 2241 in
1524 2206 1658 2240 arden-

78 2247 179 2294 quod
208 2246 321 2284 hodie
340 2258 362 2283 a
393 2251 522 2283 5811818
555 2246 671 2283 Μ8118
708 2258 849 2284 nomen
890 2254 964 2285 tem
978 2249 1171 2286 fornacem
1186 2251 1342 2297 plenum
1357 2252 1522 2288 ardentis
1538 2253 1661 2298 plum·

74 2294 244 2339 retinuit,
263 2294 345 2341 ipsa
372 2304 475 2331 8880
495 2295 720 2332 duodecimo
752 2306 846 2342 pro-
890 2296 941 2340 bi,
963 2297 1072 2344 picis,
1094 2303 1128 2334 ct
1150 2299 1284 2335 resinae
1303 2299 1482 2345 conjecit,
1504 2300 1660 2346 objecit-

74 2342 283 2379 sessionem
302 2342 440 2379 emisit.
889 2354 961 2391 que
995 2345 1153 2382 terribili
1181 2346 1307 2390 leoni;
1336 2353 1371 2383 et
1400 2358 1487 2384 cum
1519 2348 1566 2383 ab
1598 2347 1659 2384 his

126 2389 356 2436 Adjieiamus
399 2389 563 2436 denique
611 2394 648 2426 et
703 2390 850 2436 aliquos
888 2392 1068 2429 omnibus
1088 2394 1186 2430 nihil
1208 2394 1420 2438 laederetur,
1442 2396 1492 2431 ita
1519 2395 1659 2431 crude-

75 2436 275 2483 Martyres,
298 2437 361 2484 qui
382 2441 490 2474 aetate
522 2436 646 2474 solum
675 2437 848 2474 duoden-
890 2440 974 2476 liter
994 2445 1030 2476 et
1055 2451 1142 2477 eum
1187 2442 1415 2479 diverberari
1457 2443 1584 2488 jussit,
1618 2446 1660 2480 ut

78 2495 150 2522 nes
182 2484 328 2522 fortiter
359 2495 427 2532 pro
457 2484 603 2521 Christo
625 2487 850 2531 sanguinem
889 2498 973 2524 ossa
993 2493 1028 2524 et
1048 2489 1191 2526 viscera
1210 2495 1449 2537 apparerent,
1470 2495 1582 2536 atque
1606 2491 1659 2527 ita

78 2532 272 2570 fuderunt.
320 2533 424 2569 Inter
470 2532 537 2569 1105
581 2532 739 2570 1111151115
795 2538 851 2570 851
889 2535 996 2572 011111.

77 2583 230 2617 sanctus
246 2580 483 2626 Vitus‚cujus
497 2580 634 2616 festum
657 2581 782 2627 agitur
805 2581 851 2618 45
937 2583 999 2619 Sic
1021 2583 1174 2630 quidam
1207 2585 1339 2621 Conon
1377 2585 1535 2622 nomine
1567 2595 1659 2623 cum

76 2627 182 2664 lunii
201 2637 288 2664 cum
315 2627 482 2664 Modesto
509 2631 545 2665 81
576 2629 805 2673 crescentia,
830 2640 852 2665 a
891 2630 1009 2667 filiolo
1029 2641 1097 2668 suo
1117 2632 1311 2668 duodenni
1341 2642 1472 2678 passus
1503 2637 1559 2669 851
1589 2644 1658 2681 pro

78 2675 214 2722 quibus
233 2675 276 2714 18
296 2674 370 2712 fide
389 2674 591 2712 institutus
615 2676 686 2712 suit
719 2677 852 2714 insciis
891 2678 965 2714 fide
983 2679 1165 2725 vigesima
1180 2690 1281 2716 nona
1302 2679 1402 2724 Maii,
1419 2680 1461 2716 in
1477 2681 1660 2718 craticula

78 2722 318 2770 parentibus.
341 2722 411 2760 1118
430 2733 518 2760 cum
546 2723 760 2760 duodennis
792 2724 852 2761 fo-
891 2726 1014 2772 primo
1033 2731 1194 2771 8558185,
1215 2727 1447 2774 ferventique
1465 2728 1549 2764 oleo
1568 2738 1660 2775 per-

77 2774 150 2815 ret‚
178 2774 305 2807 tantus
342 2770 432 2807 fidei
469 2774 506 2807 et
536 2771 687 2817 pietatis
730 2772 852 2809 fervor
891 2773 1012 2817 fusus,
1045 2774 1209 2820 denique
1238 2774 1386 2811 malleis
1412 2785 1496 2812 ossa
1527 2780 1660 2814 contu·

78 2817 161 2864 ejus
192 2818 297 2855 cordi
329 2817 465 2863 inerat,
487 2822 528 2854 ut
555 2818 662 2855 nulla
703 2819 851 2856 timeret
891 2831 968 2858 585.
990 2821 1121 2860 Noluit
1142 2823 1203 2858 bic
1223 2822 1355 2859 Conon
1372 2822 1454 2860 sine
1479 2823 1559 2860 filio
1579 2823 1657 2871 glo-

79 2867 280 2903 tormenta.
333 2865 440 2903 Pater
484 2865 564 2912 ejus
603 2866 709 2904 Η1185
745 2868 852 2904 omni
891 2869 994 2914 riari,
1029 2870 1093 2906 sed
1126 2878 1213 2906 cum
1244 2869 1475 2907 Nicomediae
1509 2872 1660 2909 vinctus

76 2912 203 2950 studio
223 2923 311 2950 eum
331 2912 538 2950 conabatur
555 2924 578 2950 a
596 2913 672 2952 fide
691 2913 853 2953 abduce-
886 2916 1008 2964 judici
1034 2916 1254 2964 traderetur,
1276 2918 1433 2954 unicum
1454 2929 1565 2955 suum
1583 2928 1659 2956 na-

78 2969 136 3007 re,
157 2959 222 2998 sed
259 2961 412 2999 frustra.
447 2960 622 3010 viditque
659 2962 852 3002 adstantes
890 2969 972 3002 tum
991 2963 1233 3004 duodennem
1253 2969 1294 3004 ut
1312 2965 1567 3005 Christianum
1590 2966 1661 3015 ju-

268 3053 302 3087 11
1445 3053 1471 3092 2
