1858 3146
551 101 768 140 1110151111111
797 108 1011 141 lummene
1041 109 1093 138 116
1123 100 1304 140 cAnEun.
1635 103 1715 144 543

147 189 271 231 l’Ame
303 185 407 228 dans
439 187 576 228 divers
601 186 764 240 pechcs‚
801 189 844 227 et
873 187 1113 227 tourmente
1145 187 1184 228 le
1215 200 1334 241 corps
1370 188 1495 230 d’nne
1529 190 1717 233 muniere

146 252 498 295 extraordinaire.

199 321 422 369 Beaucoup
442 317 654 356 d'auteurs
671 320 850 369 pensent
869 315 970 368 qu’il
990 327 1044 355 en
1065 317 1168 356 etait
1199 317 1307 357 ainsi
1338 319 1389 358 de
1422 321 1523 360 Saiit
1554 321 1658 362 dont
1686 320 1719 363 it

145 388 208 425 est
226 384 287 424 dit
309 383 345 437 (t
370 382 479 422 Rois.
501 393 588 431 xvl,
613 380 678 434 14)
703 395 712 421 :
738 397 759 419 «
780 380 965 433 L’Esprit
983 381 1038 420 du
1061 381 1269 433 Seigneur
1299 395 1342 422 se
1374 384 1502 424 retira
1522 385 1573 426 de
1600 387 1716 438 Saul,

145 452 188 490 et
206 449 237 488 il
255 448 358 488 etait
377 448 492 499 agite
513 447 568 486 du
589 447 718 487 malin
740 446 868 498 esprit
886 446 1050 498 envoye
1069 458 1146 498 par
1165 446 1204 486 16
1233 447 1463 499 Seigneur;
1487 465 1508 486 »
1544 451 1715 492 c’est-a-

145 514 234 554 dire
253 524 336 566 que
355 512 514 564 l'esprit
534 512 664 551 malin
685 511 891 563 s'empara
910 510 961 550 de
982 510 1040 550 lui
1059 523 1135 562 par
1156 523 1238 550 une
1259 513 1505 564 permission
1539 517 1719 568 speciale

144 578 201 618 dn
220 578 445 630 Seigneur,
466 578 760 628 commencant
778 576 873 627 dcja
892 578 917 615 a
937 575 974 615 le
1007 576 1136 628 punit·
1166 576 1216 616 de
1237 589 1282 616 sa
1302 577 1613 620 desobeissance
1633 584 1674 621 et
1694 584 1720 622 ὰ

141 643 182 683 16
202 646 443 695 reprouver.
466 642 629 681 Eucher
648 640 734 694 (sur
752 640 786 680 le
804 640 983 694 chapitre
1003 652 1073 682 xvi
1097 640 1161 681 des
1180 641 1290 695 Rois)
1311 642 1534 695 s'exprime
1565 657 1616 685 611
1649 658 1716 687 ces

142 710 333 749 tex-mesa
352 719 397 747 ce
417 707 526 759 sujet
549 718 557 746 :
587 720 608 745 (1
623 705 770 754 David,
795 705 995 746 touchant
1026 706 1077 746 de
1111 707 1151 746 la
1183 707 1313 759 harpe
1346 719 1446 748 avec
1467 709 1651 750 douceur
1670 716 1715 753 et

145 785 244 814 avec
263 773 389 821 force,
406 773 540 812 calme
559 771 598 811 le
620 770 749 811 malin
770 770 898 823 esprit
919 771 991 823 qui
1007 772 1169 823 operuit
1182 772 1284 812 dans
1299 773 1421 821 Saul;
1445 786 1531 814 non
1546 787 1620 828 pas
1633 789 1717 829 que

144 838 188 879 la
205 839 336 890 harpe
355 840 427 878 eut
443 849 526 876 une
546 836 580 876 si
602 836 761 888 grande
780 840 917 885 vertu,
940 837 1045 876 mais
1065 849 1187 889 parce
1208 838 1361 890 qu’elle
1379 839 1484 879 etait
1503 840 1544 880 la
1576 842 1716 894 figure

145 903 197 944 de
226 903 268 943 la
297 902 412 943 croix
444 902 496 941 de
527 900 805 943 Jesus-Christ
838 903 1105 953 representee
1138 901 1264 942 d’une
1302 904 1486 944 maniere
1505 906 1719 960 mystique

142 980 222 1022 per
255 967 294 1008 16
324 967 414 1007 11015
447 967 551 1006 dont
581 966 660 1006 elle
698 969 760 1006 est
789 966 892 1006 faite
923 971 966 1006 et
998 979 1074 1019 par
1104 967 1144 1007 la
1180 968 1345 1008 tension
1375 969 1447 1008 des
1478 971 1640 1022 6011165,
1674 974 1718 1014 et

143 1033 322 1087 qu’ainsi
340 1034 442 1073 etait
468 1032 643 1072 chantee
662 1031 704 1071 la
725 1032 896 1071 Passion
920 1032 992 1084 qui
1014 1031 1109 1084 deja
1132 1033 1243 1072 alors
1263 1034 1539 1075 aneantissm‘t
1559 1036 1718 1090 l'esprit

143 1099 199 1140 du
218 1099 387 1138 demon.
404 1112 422 1136 11

195 1165 260 1205 011
280 1163 482 1203 demande
501 1161 710 1215 pourquoi
730 1162 833 1201 Dieu
856 1164 1022 1213 permet
1054 1174 1134 1214 que
1169 1162 1367 1203 l'homme
1399 1165 1500 1216 qu'il
1533 1178 1558 1206 a
1577 1168 1671 1207 eree
1691 1169 1718 1209 ὲ

141 1241 218 1270 5011
237 1229 379 1280 image
399 1227 539 1268 tombe
559 1227 668 1266 ainsi
687 1239 740 1266 au
760 1227 939 1279 pouvoir
959 1226 1014 1266 (111
1041 1227 1195 1267 demon
1227 1233 1268 1268 et
1301 1240 1351 1268 en
1386 1229 1468 1270 soit
1499 1231 1718 1273 tellement

146 1295 387 1335 tout-mente
408 1304 504 1345 que,
528 1291 806 1345 quelquefois‚
828 1291 888 1332 les
917 1292 1110 1344 possedes
1141 1292 1310 1332 doivent
1340 1295 1429 1334 etre
1461 1291 1537 1335 lies
1567 1301 1610 1336 et
1639 1308 1718 1338 en-

142 1358 323 1407 chaincs,
342 1358 498 1397 offrant
520 1369 579 1397 un
598 1356 801 1409 spectacle
832 1357 1017 1397 horrible
1036 1358 1062 1396 ὁ,
1080 1356 1198 1397 voir?
1217 1357 1322 1398 Dieu
1355 1358 1393 1398 le
1421 1366 1598 1411 permet,
1624 1361 1714 1403 ofin

144 1436 239 1477 que,
262 1426 420 1475 voyant
438 1424 480 1462 la
498 1423 672 1462 cruente
690 1422 745 1461 du
766 1422 918 1461 demon
939 1434 1086 1462 envers
1106 1435 1213 1462 ceux
1236 1423 1308 1475 qui
1330 1428 1424 1463 sont
1444 1437 1494 1464 en
1517 1438 1591 1466 sou
1613 1439 1720 1479 pou·

142 1488 249 1537 voir,
271 1488 310 1527 la
331 1487 518 1527 manici-e
537 1486 853 1539 insupportable
874 1499 973 1526 avec
993 1487 1175 1539 laquelle
1197 1487 1227 1526 il
1248 1487 1308 1528 les
1329 1492 1586 1539 tourmente,
1606 1491 1636 1531 il
1655 1491 1716 1534 les

142 1557 305 1594 torture
323 1557 365 1592 et
379 1552 437 1592 les
459 1554 545 1592 met
564 1563 615 1591 en
635 1552 796 1600 fureur,
819 1564 923 1591 nous
944 1552 1193 1592 concevions
1213 1565 1321 1604 pour
1341 1553 1402 1594 lui
1422 1567 1506 1595 une
1525 1555 1653 1597 haine
1672 1561 1717 1598 et

142 1630 228 1659 une
246 1618 485 1659 execration
506 1616 604 1657 16116
624 1629 706 1669 que
727 1629 833 1656 nous
853 1616 1026 1669 n’ayons
1045 1617 1140 1669 plus
1159 1629 1259 1658 avec
1288 1618 1348 1658 lui
1381 1619 1426 1659 ni
1458 1620 1638 1662 alliance
1670 1622 1718 1664 ni

144 1695 307 1725 aucune
325 1681 697 1729 communication,
718 1682 816 1721 bien
843 1681 950 1734 plus,
975 1694 1058 1734 que
1088 1694 1163 1722 son
1197 1695 1297 1723 nom
1329 1686 1466 1725 meme
1498 1686 1578 1726 soit
1609 1699 1719 1739 pour

146 1761 251 1789 nous
269 1760 326 1788 un
344 1747 459 1799 objet
477 1747 528 1787 (16
548 1747 761 1799 repulsion
782 1750 824 1787 et
843 1746 1077 1788 d’horreur.
1099 1747 1205 1787 Dieu
1225 1749 1264 1788 le
1284 1753 1462 1800 permet,
1480 1763 1588 1803 pour
1608 1764 1719 1794 nous

145 1817 349 1863 montrer‚
371 1825 448 1864 par
467 1815 573 1852 cette
594 1816 704 1851 sorte
723 1811 774 1851 de
794 1811 983 1863 symbole
1003 1812 1216 1852 exterieur
1243 1813 1495 1866 d'agitation
1516 1815 1717 1868 violente,

148 2025 250 2052 sessa
269 2018 339 2057 est,
360 2018 395 2050 61
417 2023 553 2060 corpus
573 2012 687 2049 etiam
703 2012 915 2058 possidetur
956 2012 1028 2048 'am
1045 2016 1136 2049 tunc
1156 2013 1344 2050 doemonis
1358 2015 1515 2061 spiritus
1529 2018 1720 2064 opprime-

147 2073 170 2100 a
205 2062 412 2105 daemonio,
433 2072 455 2097 a
493 2071 566 2107 quo
606 2064 642 2096 61
681 2061 810 2097 anima
849 2070 914 2106 per
979 2065 1075 2096 atur.
1097 2072 1114 2092 υ

148 2119 376 2147 consensum
400 2109 439 2144 in
468 2109 567 2144 varia
595 2112 747 2153 peccata
786 2107 916 2153 praeci-
1000 2108 1166 2151 Quaeres,
1211 2118 1279 2144 cur
1343 2110 1439 2146 Deus
1502 2110 1717 2159 hominem,

148 2158 300 2204 pitatur,
322 2162 358 2192 61
389 2166 526 2202 corpus
563 2156 658 2191 mire
690 2155 911 2201 exagitatur.

146 2205 209 2242 Sic
228 2205 275 2240 de
294 2204 403 2240 Saule
425 2203 533 2239 multi
562 2203 744 2246 sentiunt,
765 2202 812 2239 de
840 2212 914 2248 quo

148 2251 286 2289 dicitur
308 2262 338 2288 :u
362 2251 521 2298 Spiritus
543 2250 696 2287 Domini
717 2250 866 2287 recessit
892 2262 913 2286 a

147 2299 250 2343 Saul,
273 2303 307 2336 ct
327 2298 537 2345 exagitabat
557 2308 643 2334 eum
671 2298 824 2344 spiritus
844 2308 913 2334 ne-

149 2357 260 2394 quam
281 2358 303 2383 a
332 2346 505 2391 Domino,
532 2361 545 2378 n
572 2346 642 2382 hoc
675 2349 729 2382 651
766 2345 913 2382 Domini

149 2394 304 2441 speciali
326 2394 574 2440 permissione
595 2403 682 2429 eum
715 2392 912 2437 invadens,

146 2442 224 2489 jam
258 2442 464 2488 incipiente
502 2442 662 2478 Domino
701 2451 832 2488 poenas
868 2441 913 2477 dc

147 2490 236 2526 Saul
258 2500 407 2526 sumere
429 2489 670 2525 inobediente
690 2493 725 2524 61
739 2488 911 2543 reprobo.

152 2538 203 2574 De
225 2537 294 2574 hac
312 2548 350 2574 re
370 2537 424 2573 sic
446 2537 612 2583 loquitur
632 2536 841 2573 Eucherius
874 2536 913 2572 in

149 2595 184 2622 6.
216 2584 275 2622 16.
309 2585 443 2630 1.Reg.
471 2600 483 2616 (ι
529 2584 643 2620 David
681 2583 718 2620 in
759 2583 914 2629 cythara

151 2633 328 2676 suaviter,
350 2633 426 2668 imo
460 2632 604 2668 fortiter
622 2641 779 2675 canens,
801 2631 913 2667 mali-

152 2689 270 2725 gnum
305 2679 478 2726 spiritum
517 2679 582 2726 qui
620 2678 843 2726 operabatur
874 2679 914 2714 in

153 2726 261 2762 Saule
290 2727 543 2774 compescuit;
566 2737 644 2764 non
664 2727 762 2774 quod
788 2726 914 2772 cytha-

155 2783 206 2810 rae
244 2778 346 2811 tanta
382 2776 500 2811 virtus
539 2775 647 2819 foret,
687 2774 751 2811 sed
795 2774 915 2820 tigura

154 2820 284 2858 Crucis
302 2822 453 2868 Christi,
475 2833 559 2869 quae
578 2822 624 2858 de
657 2821 760 2869 ligno
791 2826 826 2858 61
847 2832 913 2859 ex-

156 2868 327 2905 tensione
346 2879 547 2907 nervorum
568 2869 725 2915 mystice
737 2869 914 2916 gereban-

157 2919 230 2961 tur,
251 2915 405 2963 ipsaque
430 2917 554 2964 passio
585 2917 821 2963 cantabatur,
842 2927 915 2964 qua

953 2164 1064 2200 quem
1102 2156 1147 2191 ad
1182 2166 1288 2192 suam
1320 2157 1458 2193 creavit
1491 2158 1717 2206 imaginem,

953 2202 1007 2239 sic
1050 2214 1072 2238 a
1116 2203 1293 2240 doemonc
1341 2205 1538 2251 possideri,
1584 2208 1719 2255 sicque

952 2250 1079 2286 vexari
1112 2250 1316 2296 permittat,
1340 2257 1378 2288 ut
1410 2254 1637 2301 quandoque
1665 2254 1716 2292 ti-

952 2298 1031 2344 gari
1052 2302 1086 2333 61
1107 2298 1240 2335 vinciri
1260 2299 1422 2336 debeant
1441 2300 1487 2336 ab
1508 2311 1552 2338 eo
1574 2312 1719 2349 posses·

952 2345 999 2388 si,
1022 2345 1277 2392 horribileque
1302 2348 1350 2383 sit
1374 2357 1438 2383 eos
1469 2349 1719 2396 conspicere?

954 2393 993 2429 ld
1033 2394 1228 2440 permittit,
1263 2399 1303 2430 ut
1335 2395 1551 2432 intueamur
1582 2397 1621 2434 in
1643 2397 1721 2435 iltis

953 2441 1212 2478 crudelitatem
1233 2442 1418 2478 daemonis
1438 2454 1502 2479 cos
1522 2454 1615 2490 quos
1634 2455 1722 2492 pos-

953 2488 1047 2524 sidet
1085 2488 1372 2540 intolerabiliter
1421 2491 1642 2539 cruciantis,
1680 2497 1724 2531 et.

954 2535 1177 2583 torquentis,
1197 2540 1239 2574 et
1272 2536 1287 2580 ',
1386 2547 1508 2574 rorem
1538 2540 1685 2585 agentis
1705 2550 1718 2578 :

953 2588 988 2619 et
1008 2583 1059 2619 ita
1090 2583 1258 2622 odium-'
1302 2581 1607 2624 ,detestationem
1633 2587 1716 2634 ejtxs

953 2630 1227 2678 concipiamus,
1248 2637 1290 2668 ut
1307 2632 1415 2670 nulla
1434 2633 1547 2670 nobis
1572 2634 1620 2671 sit
1640 2645 1718 2672 un·-

953 2687 1065 2724 quam
1094 2688 1183 2716 cum
1220 2678 1289 2716 1110
1325 2682 1621 2719 communicatio
1658 2681 1720 2720 vel

954 2726 1088 2768 soedus,
1108 2726 1188 2763 imo
1207 2725 1334 2773 ipsum
1353 2727 1435 2775 ejus
1448 2739 1590 2766 nomen
1603 2729 1718 2767 nobis

953 2774 1000 2809 sit
1037 2773 1256 2810 detestabile
1299 2778 1334 2811 et
1380 2775 1626 2814 horrendum.
1673 2777 1718 2815 Id

952 2820 1182 2867 permittitur
1200 2832 1222 2857 a
1242 2821 1333 2866 Deo,
1349 2826 1390 2859 ut
1411 2823 1483 2860 hoc
1498 2826 1606 2872 quasi
1619 2835 1720 2872 sym·

956 2868 1040 2905 bolo
1048 2873 1203 2906 externo
1216 2869 1494 2916 exagitationis,
1506 2872 1719 2910 dilaniatio-

953 2916 1028 2961 nis,
1050 2915 1191 2954 horridi
1209 2916 1402 2963 clamoris,
1422 2920 1593 2958 ostendat
1617 2931 1718 2968 qua-
