1858 3146
1594 171 1674 216 m

35 240 73 300 :²³
97 263 339 318 reparationi
369 262 553 304 sericuse
583 274 691 315 pour
719 264 783 303 165
811 260 979 327 6661165.
1013 258 1369 311 Νο116-86136661·
1385 259 1543 301 souffre
1573 261 1673 315 1061

97 329 189 372 ecla
208 341 315 382 pour
330 329 392 369 165
413 329 515 376 elus,
529 330 573 368 61
590 339 698 380 pour
717 326 776 367 toi
793 337 919 379 parce
939 324 1043 377 qu'il
1060 328 1161 365 veut
1179 327 1221 364 te
1242 337 1406 364 sauver.
1427 325 1461 365 11
1480 329 1542 366 est
1560 336 1673 368 venu

97 398 141 436 16
159 395 324 436 donner
340 392 576 445 l’exemple‚
597 395 641 432 et
667 396 710 432 te
743 393 928 431 monti-er
959 402 1036 442 par
1068 388 1166 442 quel
1197 388 1382 439 chemin,
1404 402 1480 442 par
1513 390 1673 443 (1661165

530 183 710 215 nnuman
737 182 951 214 vinnons
979 181 1032 211 66
1061 172 1243 212 cnutus.

9 451 30 514 f·
95 460 355 502 souffrauces
373 463 414 499 61
432 469 509 509 par
529 457 647 509 quels
667 467 856 508 moyens,
879 467 934 495 on
955 454 1092 494 arrive
1112 466 1168 494 66
1190 465 1393 505 royaume
1424 458 1466 494 et
1485 467 1540 495 au
1560 455 1673 497 salut

0 530 22 566 t
96 524 295 567 eternels.
317 523 350 563 11
370 525 411 563 16
433 522 510 562 fait
528 522 622 561 voir
640 521 679 562 16
698 520 863 561 modele
884 531 966 572 que
988 522 1033 559 tu
1059 519 1150 559 dois
1181 518 1336 566 imiter,
1360 518 1391 558 il
1421 522 1462 559 16
1495 519 1672 572 designo

97 589 138 630 16
156 591 293 641 temps
312 586 526 627 favorable
546 599 653 639 pour
672 585 839 626 obtenir
855 586 895 624 16
918 585 1043 636 grece
1063 587 1105 624 et
1125 584 1164 624 ln
1181 583 1315 635 gleire
1329 584 1385 623 du
1401 583 1495 624 ciel.
1511 586 1674 637 Appro-

95 653 174 695 6116
191 653 299 693 (1066
318 665 370 692 66
389 652 521 704 esprit
553 655 596 691 et
627 651 841 691 considere
875 649 1176 691 sericusement
1207 660 1253 688 ce
1284 660 1366 701 que
1387 649 1673 690 ,lesus-Christ

95 718 293 762 1111ῑά665
313 718 351 758 16
370 717 525 766 desert,
549 716 637 756 vois
668 716 774 756 (1665
805 715 903 767 quel
935 717 1023 754 etat
1053 714 1084 754 il
1115 718 1178 754 651
1209 714 1364 753 devant
1395 726 1470 753 son
1504 715 1609 755 Pere
1629 717 1673 755 61

24 826 34 832 ‚
94 783 199 824 dans
218 782 318 835 quel
336 784 424 822 6161
443 782 471 822 11
490 784 553 822 651
573 783 598 821 ἐι
619 786 678 821 165
697 793 822 833 yeux.
859 781 925 820 Ot'l
955 783 1018 820 est
1049 792 1093 819 sa
1127 779 1255 831 petite
1276 778 1502 819 demeure?
1524 780 1590 819 Οὐ
1609 783 1672 821 est

93 847 137 891 h
153 859 334 888 caver-ue
353 848 426 900 qui
448 848 485 886 lc
507 848 681 899 protege
702 851 845 886 contre
867 846 924 884 les
945 844 1217 897 intemperies
1237 843 1288 884 de
1309 843 1430 884 l’air?
1452 845 1517 884 on
1536 846 1602 884 est
1630 844 1671 885 16

92 912 143 956 lit
161 913 235 966 qui
254 911 314 953 lui
334 916 418 953 sert
437 911 488 952 de
520 911 705 951 conche?
729 927 748 948 (ι
772 913 847 951 Les
880 909 1055 950 renerds
1087 913 1159 948 061
1189 908 1301 949 leurs
1334 909 1518 948 tanieres
1548 912 1592 950 et
1610 909 1671 950 les

91 978 265 1023 oiseaux
301 978 357 1018 du
386 977 463 1017 ciel
495 977 607 1017 leurs
639 976 747 1025 6615,
770 976 875 1016 mais
906 975 946 1015 16
980 975 1065 1015 Fils
1095 975 1146 1014 (16
1179 974 1379 1014 1’11016616
1413 973 1480 1013 n'a
1509 986 1584 1026 pas
1613 976 1671 1017 οὺ

25 1044 28 1045 ’
89 1055 261 1096 reposcr
292 1055 338 1083 sa
368 1044 468 1082 tete.
495 1058 514 1079 1>
545 1043 598 1082 Et
628 1041 769 1094 quelle
804 1041 956 1081 5061616
990 1039 1194 1079 avait-il?
1214 1041 1405 1088 Aucune‚
1426 1038 1459 1078 si
1486 1051 1532 1079 ce
1563 1039 1671 1082 n’est

91 1107 195 1151 celle
213 1108 286 1149 des
305 1107 421 1148 betes
441 1119 663 1159 sauvageS.
688 1122 707 1142 ιι
731 1107 764 1146 11
783 1119 811 1159 y
835 1106 963 1146 vivait
982 1105 1119 1158 parmi
1139 1105 1197 1144 les
1217 1104 1333 1144 hetes
1365 1116 1585 1156 sauvages,
1606 1104 1671 1147 dit

89 1173 201 1216 saint
219 1174 348 1215 Marc.
368 1186 388 1211 υ
414 1174 474 1213 Ν6
506 1173 545 1213 16
578 1173 700 1212 161556
730 1185 805 1224 pas
836 1172 941 1219 seul,
963 1171 1124 1211 sers-lui
1155 1171 1206 1211 de
1237 1169 1576 1222 compagnou.11
1606 1172 1670 1212 est

90 1237 176 1280 bon
196 1238 326 1279 d'etre
347 1238 453 1278 (1665
472 1238 512 1278 16
531 1237 714 1276 solitude
733 1248 832 1276 avec
851 1236 972 1276 Jesus
991 1234 1097 1275 seul.
1121 1235 1154 1275 11
1173 1238 1235 1275 651
1261 1234 1345 1274 bon
1378 1234 1429 1274 de
1461 1234 1666 1287 s'asseoir,

90 1302 143 1344 (16
161 1314 204 1343 56
224 1302 338 1343 lever
359 1307 400 1342 et
421 1303 472 1342 de
493 1301 790 1354 s’agenouillcr
810 1312 911 1340 avec
930 1300 989 1340 lui
1009 1312 1093 1340 aux
1112 1300 1231 1352 pieds
1250 1300 1301 1340 de
1333 1299 1440 1340 Dieu
1474 1299 1512 1340 16
1545 1301 1667 1342 Pero.

89 1367 125 1411 Il
144 1370 206 1409 est
225 1367 310 1407 bon
329 1367 380 1408 de
413 1367 635 1408 demeurer
666 1378 765 1406 avec
797 1366 855 1405 lui
889 1366 994 1406 dans
1025 1365 1066 1405 16
1095 1365 1309 1417 poussiere
1340 1365 1392 1405 de
1424 1364 1665 1415 l'humilite,

89 1432 194 1474 (1665
213 1432 252 1472 16
272 1434 447 1485 support
465 1432 516 1472 de
538 1431 824 1479 l’abstinence‚
840 1430 944 1470 dans
958 1431 999 1470 la
1018 1430 1315 1470 ωσι-1111661106
1334 1430 1391 1470 du
1411 1441 1532 1482 corps
1551 1432 1594 1469 61
1613 1429 1667 1471 (16

87 1496 303 1550 5’0666661·
318 1497 370 1537 (16
390 1509 453 1537 565
473 1497 648 1536 16161615
668 1496 896 1548 5611116615,
917 1498 1085 1534 5611061
1109 1495 1214 1534 (1665
1234 1506 1279 1534 66
1300 1498 1437 1546 temps
1469 1497 1666 1536 consecro

86 1562 116 1605 ὰ
130 1561 315 1603 honoror
332 1565 375 1602 61
394 1564 419 1601 e.
438 1562 578 1602 imiter
596 1562 895 1602 ,Iesus-Christ.
916 1562 972 1600 Le
994 1560 1127 1612 jeune
1147 1560 1222 1612 qui
1242 1562 1306 1599 est
1337 1559 1602 1608 commende,
1623 1559 1667 1600 16

85 1626 224 1680 ,11616
244 1627 317 1679 (161
338 1630 400 1667 651
421 1627 618 1679 prescrite
637 1630 679 1667 et
698 1625 757 1666 165
776 1626 915 1666 divers
933 1625 1141 1665 exercices
1161 1625 1212 1665 de
1232 1625 1343 1678 piete
1364 1625 1438 1677 qui
1451 1627 1547 1664 sont
1567 1636 1665 1664 con-

87 1691 239 1742 5611165,
260 1695 354 1733 tout
386 1692 477 1732 (1011
509 1692 619 1732 (1066
650 1695 691 1732 16
723 1692 907 1744 paraitre
928 1690 1061 1742 leger,
1085 1702 1137 1730 eu
1158 1690 1291 1742 egard
1311 1702 1365 1729 au
1385 1701 1590 1741 royaume
1610 1689 1664 1730 (16

86 1758 192 1801 Dieu
212 1760 255 1798 et
273 1759 298 1797 6
318 1758 497 1798 1’661061·
516 1757 567 1798 (16
586 1757 878 1798 Jews-Christ.
901 1759 957 1796 Le
978 1757 1167 1797 Sauveur
1187 1768 1213 1795 6
1231 1755 1449 1807 beaucoup
1470 1754 1564 1807 plus
1584 1754 1664 1795 fait

85 1822 214 1876 qu'on
247 1822 416 1874 n’exige
448 1823 499 1863 de
531 1822 606 1871 101,
628 1826 691 1862 165
728 1822 880 1874 6661165
920 1822 1119 1861 meritent
1147 1821 1198 1861 de
1229 1821 1327 1860 bien
1360 1821 1453 1873 plus
1480 1819 1663 1872 grandes

83 1887 347 1942 penitence53
370 1888 409 1928 16
429 1899 632 1939 royaume
653 1888 704 1927 de
725 1887 828 1928 Dicu
850 1900 874 1927 n
894 1887 991 1927 bien
1012 1887 1106 1939 plus
1126 1886 1177 1926 de
1210 1886 1355 1926 valeur
1386 1897 1468 1938 que
1502 1888 1595 1926 tout
1613 1896 1662 1926 66

85 1964 168 2005 que
186 1957 232 1993 tu
253 1965 362 2005 peux
381 1953 566 1992 souffrir.
591 1953 821 2004 Figure-toi
842 1964 924 2004 que
945 1956 1018 1992 ton
1054 1952 1338 2003 Redempteur
1368 1949 1566 1991 t'adresse
1594 1961 1662 1990 ces

83 2137 224 2186 patitur
238 2140 390 2191 propter
409 2137 547 2173 clectos
565 2148 573 2173 :
590 2142 625 2173 et
638 2141 790 2184 propter
805 2142 853 2181 16,
894 2147 973 2173 665.
1008 2137 1063 2172 Tu
1085 2146 1133 2172 66
1154 2140 1279 2181 patere
1300 2145 1387 2171 eum
1418 2146 1499 2170 esse
1518 2134 1658 2182 sotum,

85 2185 309 2224 utsulveris.
329 2184 438 2222 Venit
453 2186 671 2231 exemplum
685 2185 852 2229 daturus,
891 2185 1008 2231 junge
1030 2190 1064 2220 te
1084 2184 1244 2220 socium.
1268 2184 1415 2219 Bonum
1435 2186 1490 2218 est
1521 2182 1563 2218 in
1595 2191 1661 2218 so-

895 2233 1054 2268 litudine
1074 2242 1160 2268 cum
1182 2232 1268 2267 Jcsu
1291 2231 1370 2267 solo
1397 2240 1490 2266 esse.
1516 2230 1660 2267 Bonum

84 2236 439 2280 etpraeostensurus‚
453 2243 525 2278 qua
538 2233 610 2276 via,
628 2243 702 2279 quo
712 2233 853 2276 labore,

894 2285 948 2315 est
968 2290 1057 2316 66111
1080 2279 1145 2315 1110
1166 2279 1310 2321 sedere,
1332 2283 1443 2321 stare,
1465 2288 1587 2323 genua
1612 2276 1662 2314 ad

87 2279 224 2328 quibus
250 2280 387 2316 mediis
419 2281 466 2316 ad
501 2291 660 2326 regnum
692 2285 727 2316 61
759 2281 854 2317 5616-

86 2331 164 2366 1661
200 2328 448 2374 pertingatur.
484 2328 644 2364 Exhibet
680 2328 746 2364 tibi
776 2329 854 2364 sor-

42 2415 46 2420 ,
85 2385 190 2412 mam
208 2385 322 2422 quam
343 2375 503 2411 imiteris
521 2392 529 2418 ;
553 2381 701 2422 tempus
722 2376 854 2422 praesi-

84 2427 178 2470 gunt
208 2427 464 2469 opportunum
498 2434 572 2470 quo
602 2424 758 2468 gratiam
778 2424 854 2470 glo·

76 2470 258 2517 viamque
290 2471 549 2517 consequaris.
585 2471 730 2508 Accede
767 2482 854 2517 ergo

27 2554 42 2569 ,
88 2516 131 2556 in
153 2517 309 2565 Spiritu,
330 2523 366 2554 et
397 2519 495 2555 sorio
527 2519 727 2555 considera
765 2519 855 2565 quld

0 2584 6 2604 ι
90 2564 132 2603 in
147 2565 294 2603 deserto
314 2569 412 2612 agat,
433 2567 622 2612 quomodo
650 2566 703 2602 ibi
724 2576 763 2602 sc
783 2567 853 2603 Pa-

0 2614 31 2663 ..Γ
89 2615 154 2657 m,
184 2614 373 2659 quomodo
405 2624 445 2650 sc
476 2613 542 2650 tibi
573 2613 761 2651 exhibeat.
787 2614 852 2651 Ubi

6 2655 19 2695 ‘s
89 2659 322 2698 domuncula
339 2662 354 2697 Ρ
372 2660 437 2699 ubi
457 2661 640 2708 spelunea
657 2666 855 2708 protegens

91 2705 140 2744 ab
165 2707 412 2745 inclementia
442 2710 570 2746 aeris?
596 2709 661 2746 ubi
694 2709 855 2746 lectulus

92 2753 302 2792 substratus
323 2766 331 2793 :
359 2769 373 2787 α
396 2756 534 2802 Vulpes
554 2757 678 2794 foveas
698 2757 853 2800 habent,

93 2804 132 2838 et
149 2801 319 2855 volu-cres
336 2804 421 2841 coeli
444 2804 569 2848 nidos,
592 2805 709 2841 Filius
728 2810 853 2841 autem

94 2847 262 2886 hominis
279 2860 359 2888 non
381 2850 494 2889 habet
512 2852 578 2889 ubi
597 2857 710 2899 caput
741 2853 854 2890 recli-

93 2899 173 2934 net.
197 2908 213 2929 »
236 2896 282 2933 Ε1
300 2906 473 2943 quoenam
493 2900 549 2937 illi
570 2899 712 2937 ibidem
740 2901 854 2937 socic-

91 2945 180 2979 tas?
202 2942 313 2981 Nulla
340 2945 414 2983 nisi
442 2947 609 2985 ferarum
641 2952 698 2984 651
727 2958 734 2984 :
762 2963 775 2980 «ι
812 2949 856 2984 Et

18 3013 26 3035 ,-
93 2995 174 3027 orat
193 2989 247 3027 ibi
266 3000 356 3029 cum
380 2992 522 3042 bestiis,
547 3009 562 3028 ι
598 2995 721 3042 inquit
752 2995 855 3032 Mur-

896 2328 1040 2364 Patrem
1079 2330 1244 2363 flectcre.
1287 2327 1430 2362 Bonum
1469 2329 1523 2361 est
1570 2334 1662 2362 cum

894 2377 975 2421 ipso
997 2376 1035 2411 in
1070 2374 1297 2411 humilitatis
1330 2374 1498 2419 pulvere,
1520 2373 1558 2408 ir.
1598 2382 1660 2419 pn-

895 2422 1024 2459 11611116
1044 2422 1302 2463 abstinentiae,
1318 2422 1358 2456 in
1378 2421 1547 2466 corporis
1562 2429 1662 2456 mor-

895 2471 1100 2507 tificatione
1120 2479 1371 2516 perseverare,
1382 2473 1413 2504 et
1428 2468 1500 2503 sibi
1513 2477 1660 2512 vacare,

895 2519 1059 2555 maxime
1081 2518 1151 2554 hoc
1172 2527 1278 2553 sacro
1301 2521 1467 2562 ternpore
1483 2516 1523 2551 in
1545 2514 1662 2551 hono-

895 2576 972 2603 rem
993 2571 1027 2602 ct
1049 2565 1300 2601 imitationem
1320 2565 1406 2600 Jesu
1427 2562 1565 2599 Christi
1585 2562 1661 2600 ins-

894 2615 1015 2650 tituto.
1035 2614 1131 2657 Ergo
1153 2623 1231 2659 prae
1252 2622 1367 2658 regno
1392 2611 1455 2647 Dei
1477 2614 1512 2646 ct
1531 2619 1662 2647 amoro

894 2661 1030 2697 Christi
1055 2661 1133 2696 teve
1166 2659 1235 2696 tibi
1268 2659 1379 2695 debet
1411 2658 1527 2694 videri
1556 2657 1659 2704 ‚ieju-

895 2709 1002 2745 nium
1034 2708 1134 2752 quod
1167 2707 1400 2753 praecipitur,
1426 2705 1546 2742 oratio
1577 2714 1662 2752 quae

895 2755 1167 2803 pra—scribitur,
1188 2755 1337 2800 aliaque
1368 2753 1518 2799 pietatis
1550 2763 1661 2789 exer-

895 2805 981 2841 citia
1003 2813 1087 2849 quae
1117 2802 1381 2839 consuluntur.
1408 2800 1532 2846 Longe
1552 2800 1663 2847 plura

895 2862 1006 2898 quam
1028 2863 1050 2886 6
1070 2854 1105 2886 16
1126 2850 1344 2895 exiguntur,
1365 2858 1432 2894 pro
1453 2852 1489 2884 te
1508 2847 1660 2894 praesti·-

896 2901 938 2935 tit
957 2899 1145 2940 Ch1·istus;
1182 2898 1292 2942 longe
1311 2906 1482 2943 graviora
1507 2905 1661 2942 prome-

897 2951 1025 2983 rentur
1046 2949 1199 2991 peccata
1221 2948 1283 2980 tua
1299 2960 1309 2986 ς
1326 2943 1437 2990 longe
1458 2943 1543 2989 plus
1563 2942 1662 2980 valet

896 3003 1055 3041 regnum
1080 2992 1159 3036 Dei,
1174 2992 1274 3038 quod
1289 2991 1355 3028 tibi
1371 2990 1659 3038 repromittitur.
