1858 3146
472 137 690 177 ’1601611166
718 148 932 181 munuae
960 146 1088 186 16666
1116 146 1390 193 L’eriruaum.
1636 162 1714 202 103

138 220 374 267 remporter
393 229 465 258 sur
484 225 741 265 eux-memes
760 239 843 268 une
861 228 1034 272 victoire
1053 234 1259 278 661616616
1282 242 1324 279 61
1344 241 1553 286 d’ohtenir
1572 247 1614 288 la
1638 252 1708 290 re-

136 288 365 332 compense
386 282 467 325 due
488 287 513 325 a
531 287 574 327 16
592 288 769 331 charite.

188 344 300 386 Pour
319 351 506 390 montrer
523 353 715 394 comhien
735 355 786 395 ils
806 356 866 397 lui
885 360 1045 402 etaient
1063 366 1299 419 6316611166,
1316 369 1345 409 11
1365 374 1428 411 661
1450 374 1586 416 arrive
1607 390 1706 418 sou-

131 413 233 448 vent
251 422 333 462 que
353 412 392 452 le
410 413 495 455 bon
515 416 619 457 Dieu
638 430 664 458 a
682 421 950 474 recompense
977 426 1070 467 leur
1101 429 1380 475 devouement
1411 449 1488 489 par
1520 439 1593 480 des
1623 443 1705 483 mi-

135 472 283 515 racles.

182 539 278 579 Afin
299 542 350 582 de
368 555 472 584 nous
490 546 739 589 enflammer
753 550 947 595 d'amour
965 559 1006 596 et
1025 558 1076 598 de
1097 560 1183 600 zele
1198 564 1223 601 6
1236 562 1399 616 l’egard
1413 567 1485 607 des
1498 569 1702 624 mandes,

123 600 154 641 11
173 615 242 644 me
260 606 377 647 suffit
396 608 448 649 de
466 621 570 650 vous
588 613 728 664 parler
747 615 797 656 de
813 619 1123 672 quelques-uns.

178 668 228 708 Je
247 682 351 711 vous
370 674 551 724 parlerai
571 676 743 719 d'abord
764 681 816 722 de
835 684 945 725 saint
961 687 1123 729 Elzear.
1145 691 1177 730 ll
1206 693 1309 733 61611
1326 700 1463 738 601616
1482 699 1699 752 (1Ἀ1-1660,

125 743 171 771 66
191 733 350 776 charite
368 749 477 789 pour
490 739 549 780 les
567 741 742 794 lepreux
760 747 863 788 61611
881 761 978 790 sans
996 751 1163 795 homes.
1180 757 1213 797 Il
1234 758 1326 799 leur
1339 760 1470 803 lavait
1489 764 1548 804 les
1560 766 1696 818 pieds,

120 796 181 836 les
197 797 350 840 baisait
368 814 440 842 sur
458 804 518 844 les
536 805 684 860 levi-es,
709 810 800 851 leur
819 813 995 856 donnait
1014 818 1346 866 abondamment
1365 829 1390 866 a
1411 839 1588 882 manger
1608 836 1651 873 et
1670 835 1697 874 a

121 859 240 903 boire
260 869 301 904 et
314 865 374 906 les
393 869 593 912 comblait
611 873 663 914 de
684 878 820 916 toutes
842 878 900 918 les
919 884 1122 924 eumenes
1142 888 1216 939 qui
1244 892 1474 941 pouvaient
1493 894 1585 936 leur
1604 898 1695 940 etre

120 925 262 967 utiles.

168 984 294 1033 Etant
313 996 414 1036 sorti
434 1010 491 1038 un
509 1000 609 1052 jour
627 1015 735 1055 pour
748 1006 790 1046 16
809 1007 954 1050 chasse
975 1025 1075 1054 avec
1097 1028 1152 1056 66
1166 1020 1302 1070 grand
1323 1023 1500 1065 nombre
1521 1026 1571 1067 de
1588 1040 1693 1080 gens

114 1054 166 1096 de
185 1068 231 1096 66
249 1060 426 1111 maison,
451 1064 481 1103 il
502 1064 595 1107 leur
614 1069 806 1112 ordonna
826 1074 877 1114 de
896 1075 935 1116 le
955 1081 1157 1129 preceder
1177 1087 1218 1123 et
1237 1096 1291 1125 ne
1311 1087 1440 1127 retint
1468 1094 1621 1144 anpres
1639 1094 1692 1136 de

110 1119 174 1160 lui
194 1123 323 1175 qu’un
340 1127 477 1167 soldat
496 1134 538 1170 et
556 1144 631 1172 son
652 1134 835 1189 barbier,
852 1152 952 1181 avec
965 1155 1049 1183 eux
1063 1145 1092 1184 il
1112 1158 1156 1186 se
1174 1150 1311 1190 rendit
1329 1152 1433 1193 (1666
1452 1167 1535 1196 666
1555 1158 1691 1211 lepro-

109 1186 231 1227 serie.
253 1189 311 1229 La
333 1191 514 1243 gisaient
534 1196 639 1238 dans
660 1212 717 1240 un
740 1205 826 1242 etat
846 1204 1096 1250 lamentahle
1122 1212 1186 1252 six
1219 1216 1513 1260 malheureux.
1539 1225 1596 1263 La
1627 1224 1687 1265 le-

110 1261 185 1303 pre
205 1254 317 1294 avait
336 1256 489 1298 devore
507 1259 618 1302 leurs
638 1264 770 1306 levres
790 1272 832 1308 et
852 1270 965 1311 leurs
986 1276 1194 1325 gencives.
1217 1281 1346 1321 Leurs
1378 1284 1499 1324 dents
1532 1289 1685 1330 totale-

113 1321 232 1358 ment
250 1319 461 1363 denudees
480 1327 648 1368 avaient
667 1330 743 1371 fini
761 1346 839 1385 par
857 1338 1035 1379 tomber.
1057 1343 1186 1383 Notre
1207 1345 1328 1386 Saint
1347 1351 1466 1390 etant
1485 1355 1600 1393 entre
1620 1355 1680 1395 les

108 1381 228 1422 salua
247 1386 724 1435 tres-affectueusement
744 1401 786 1437 et
806 1399 948 1442 donna
980 1406 1005 1443 a
1033 1405 1194 1447 chacun
1229 1410 1355 1451 d'eux
1386 1413 1438 1453 de
1476 1418 1676 1468 preeieux

102 1456 480 1501 encouragemeuts
499 1458 540 1495 et
559 1457 611 1498 de
642 1459 803 1502 bonnes
835 1468 1082 1518 esperances
1114 1472 1166 1512 (16
1201 1476 1417 1524 guerisou.
1440 1481 1516 1520 Les
1549 1488 1681 1534 ayant

100 1511 330 1554 embrasses
349 1518 514 1560 ensuite
534 1523 559 1560 a
579 1526 674 1564 tour
694 1526 745 1566 de
765 1529 851 1568 rele
871 1543 971 1572 avec
992 1546 1075 1574 une
1095 1538 1309 1580 tendresse
1330 1554 1425 1582 sans
1457 1546 1594 1598 63616,
1628 1549 1679 1590 ils

98 1574 243 1617 furent
263 1581 405 1631 guaris
424 1586 598 1626 66661101
617 1592 658 1629 61
677 1590 768 1632 leur
789 1595 906 1636 triste
926 1598 1125 1641 demeare
1145 1615 1188 1642 se
1209 1607 1380 1658 remplit
1395 1610 1521 1651 d'une
1542 1613 1676 1655 odeur

98 1642 349 1686 tres-suave.
370 1648 501 1700 Apres
521 1651 613 1692 leur
631 1656 751 1696 avoir
770 1658 907 1702 donne
928 1675 1011 1704 une
1030 1668 1224 1717 66111066,
1242 1670 1281 1710 16
1296 1673 1416 1713 86161
1436 1675 1496 1716 166
1517 1679 1671 1730 (161116,

97 1709 138 1745 61
156 1706 266 1748 alors
286 1722 342 1750 un
365 1724 497 1765 rayon
519 1717 570 1757 de
591 1719 661 1760 feu
681 1724 803 1764 sortit
821 1725 872 1766 de
890 1739 936 1767 66
956 1730 1055 1781 tete,
1084 1736 1126 1772 et
1157 1735 1183 1774 6
1215 1747 1380 1779 mesure
1402 1741 1504 1793 qn'il
1533 1743 1672 1786 6ἐὲΙοί-

95 1772 234 1823 gualt,
258 1787 303 1814 66
322 1788 457 1829 rayon
484 1793 527 1821 se
557 1785 842 1841 prolongent,
864 1794 1087 1844 penetrant
1119 1798 1223 1839 dans
1254 1801 1296 1842 16
1327 1805 1489 1846 maison
1517 1808 1589 1850 des
1609 1810 1670 1851 le-

91 1846 228 1888 preux
248 1839 278 1880 il
298 1842 488 1885 eclairait
508 1847 720 1892 vivement
752 1857 844 1895 tout
875 1857 1052 1912 l'espace
1073 1864 1146 1915 qui
1179 1877 1221 1905 se
1259 1871 1443 1911 trouvait
1477 1877 1597 1915 entre
1629 1876 1670 1916 le

90 1900 212 1942 86161
230 1908 272 1944 61
290 1909 397 1947 cette
416 1920 574 1961 pauvre
594 1915 809 1960 demeure.
833 1922 865 1961 Il
888 1935 939 1964 ne
958 1925 1149 1978 disparut
1170 1942 1250 1982 que
1270 1932 1438 1988 lorsque
1470 1937 1508 1978 16
1542 1940 1664 1982 86161

88 1968 161 2006 661
180 1968 337 2019 rejoint
357 1971 416 2012 les
439 1986 542 2026 gens
562 1978 612 2018 de
633 1993 678 2021 sa
698 1984 821 2025 suite.

89 2065 1664 2116 X

83 2124 150 2170 sis,
172 2131 211 2163 ut
242 2131 418 2169 meritum
445 2135 609 2175 victoriae
642 2142 700 2178 sui
732 2143 851 2190 ipsius
890 2155 1039 2196 sumpta
1078 2152 1191 2199 labia,
1214 2155 1263 2191 ita
1300 2162 1338 2193 ut
1377 2160 1508 2198 dentes
1546 2164 1659 2202 etiam

82 2181 415 2226 consequerentur,
452 2188 487 2219 61
513 2185 707 2224 charitatis
750 2202 849 2237 prae—
888 2200 1071 2243 paterent,
1094 2205 1128 2236 et
1151 2203 1383 2242 exciderent.
1407 2208 1478 2244 Eos
1504 2210 1658 2249 interim

81 2220 215 2258 mium.
239 2225 283 2260 Et
303 2236 415 2272 quam
436 2230 507 2267 sibi
540 2234 575 2268 id
609 2241 756 2280 gratum
788 2240 845 2276 so·
889 2242 1164 2285 humanissime
1184 2251 1509 2297 salutanS,salutis
1524 2269 1608 2304 spes
1621 2264 1659 2296 et

78 2277 146 2313 ret,
169 2280 268 2318 saepe
297 2273 394 2311 Deus
425 2278 537 2316 etiam
571 2283 764 2322 miraculis
783 2298 846 2324 os·
885 2291 1657 2348 simutadhortationesproponebatcum-

76 2316 211 2354 tendit.
235 2318 376 2358 Paucos
395 2334 441 2360 ex
460 2326 537 2363 illis
568 2328 629 2367 hie
660 2342 842 2382 propono,
884 2349 956 2384 que
993 2351 1128 2379 omnes
1160 2345 1379 2391 singulatim
1419 2359 1657 2396 peramanter

0 2409 4 2416 ,
75 2367 118 2399 ut
154 2365 202 2401 ad
242 2366 463 2409 charitatem
504 2386 591 2422 erga
623 2389 742 2426 aegros
774 2393 844 2420 nos
882 2387 1073 2425 osculatus
1094 2398 1204 2438 esset,
1226 2405 1314 2431 ecce
1337 2405 1487 2443 repente
1512 2411 1655 2440 curan-

0 2418 3 2435 l

74 2412 297 2451 accendant.
883 2439 942 2470 tur
985 2446 1132 2482 omnes,
1173 2441 1383 2490 domusque
1428 2448 1652 2488 suavissimo

120 2457 155 2495 l.
178 2460 337 2499 Sanctus
356 2465 547 2506 Elzearius
561 2472 694 2510 Comes
713 2475 840 2514 Ariani
880 2482 994 2519 odore
1034 2486 1173 2532 repleta
1206 2494 1274 2525 est.
1303 2492 1420 2537 Atque
1452 2494 1532 2540 ipse
1564 2497 1653 2536 (1616

69 2504 177 2543 valde
198 2509 412 2549 misericors
432 2521 511 2552 erat
537 2528 624 2565 erga
656 2521 838 2571 leprosos,
879 2529 934 2565 eis
978 2531 1219 2580 eleemosyna
1274 2540 1446 2582 recessit.
1493 2543 1558 2580 sed
1602 2555 1648 2584 eo

69 2561 200 2591 eorum
221 2556 366 2596 lavabat
395 2563 521 2608 pede3‚
545 2576 609 2602 ora
637 2571 837 2609 osculaba-
877 2576 1039 2615 abeunte
1060 2581 1194 2627 igneus
1214 2585 1366 2630 quidam
1395 2588 1521 2626 radius
1540 2601 1561 2628 e
1579 2601 1648 2629 ea-

69 2602 142 2646 tur,
164 2602 264 2649 cibo,
313 2611 390 2651 otu,
412 2610 664 2659 eleemosynis
692 2628 756 2654 eos
777 2631 836 2657 re—
876 2625 952 2669 pite
988 2627 1070 2673 ejus
1107 2640 1298 2677 emergere
1338 2634 1439 2671 visus
1477 2642 1547 2684 est,
1580 2641 1646 2686 qui

68 2645 229 2686 ficiebat.
252 2652 278 2689 Α
308 2653 401 2692 ierat
431 2660 595 2704 quodam
626 2663 686 2700 die
718 2677 836 2704 vena·
874 2682 1024 2720 semper
1043 2686 1130 2712 cum
1158 2681 1355 2716 recedente
1384 2682 1644 2729 1063166166-

67 2696 148 2732 tum
168 2707 255 2736 eum
277 2702 406 2740 multis
426 2715 445 2741 e
467 2706 622 2755 familia,
640 2711 727 2748 illos
748 2725 835 2753 vero
873 2719 1030 2758 debatur
1066 2734 1074 2759 :
1109 2726 1374 2773 attingensque
1408 2730 1644 2778 leprosorum

66 2750 199 2780 omnes
214 2746 327 2793 jussit
359 2754 596 2799 antecedere,
618 2759 738 2797 milite
770 2773 834 2799 so·
871 2767 1040 2814 domum,
1071 2772 1233 2817 spatium
1267 2785 1381 2812 omne
1412 2780 1511 2824 quod
1544 2782 1643 2820 inter

65 2787 147 2826 lum
166 2800 242 2830 uno
261 2805 348 2833 cum
377 2802 528 2839 tonsore
558 2808 717 2844 retento.
739 2810 833 2847 Cum
872 2813 982 2852 illum
997 2822 1033 2853 et
1052 2818 1208 2856 domum
1228 2821 1419 2870 intererat,
1440 2827 1536 2863 mira
1556 2829 1642 2868 luce

66 2834 126 2871 1116
143 2837 191 2874 6(1
209 2840 446 2883 domicilium
464 2848 699 2897 leprosorum
713 2856 832 2895 diver·
870 2864 1131 2908 pertundebat.
1155 2867 1232 2904 Nec
1257 2870 1361 2915 prius
1379 2872 1563 2920 disparuit
1583 2888 1656 2915 ra·v

63 2881 122 2927 tit,
153 2884 218 2922 ubi
247 2899 313 2926 sex
344 2892 495 2932 horrida
526 2898 631 2947 lepra
661 2907 830 2948 percussi
868 2909 969 2954 dius,
991 2921 1103 2957 quam
1123 2914 1169 2950 ad
1189 2925 1298 2952 suam
1314 2918 1499 2959 familiam
1519 2925 1639 2970 perti-

65 2929 73 2936 ο

56 2930 252 2981 Jacebant,
273 2939 525 2981 cernebantur
556 2956 670 2986 exesa
693 2954 729 2987 et
758 2952 828 2991 ab·
867 2957 995 3003 gisset.
1017 2958 1170 3006 Leprosi
1200 2973 1313 3009 porro
1343 2966 1391 3004 ab
1423 2979 1468 3006 eo
1499 2973 1639 3023 curati,
