1858 3146
228 201 309 240 638
648 209 694 237 Le
725 208 929 238 nArioNAL
955 208 1029 238 1135
1059 198 1377 237 memma-suns.

228 289 333 328 fuite
353 288 409 328 du
428 287 572 340 peche,
594 298 754 326 comme
773 287 811 326 le
831 290 1046 327 montrent
1066 298 1134 326 ces
1163 289 1306 326 autres
1331 285 1495 338 paroles
1516 299 1525 325 ε
1554 299 1574 323 (1
1595 286 1682 333 036
1701 286 1797 339 qui-

227 365 390 405 conque
409 353 593 404 invoque
621 351 660 390 16
692 363 793 391 30111
825 351 876 391 de
904 350 1179 392 ,Iesus-Christ
1210 350 1412 402 s'eloigne
1449 350 1500 390 de
1531 349 1790 403 l'iniquite.»

227 419 354 458 Avoir
373 418 552 457 horreur
572 417 629 455 du
659 416 790 468 peche
812 419 853 455 et
871 429 923 456 en
945 417 1028 455 fuir
1057 416 1115 455 les
1136 416 1361 466 occasions,
1395 415 1494 455 e’est
1521 427 1574 455 en
1593 415 1691 455 effet
1711 428 1795 456 une

228 483 385 535 grande
405 493 562 534 preuve
584 480 710 533 qu'on
732 484 794 521 est
811 481 1065 533 predestine.

284 547 392 588 C'est
410 546 618 599 pourquoi
639 546 676 586 le
697 546 817 597 signe
837 549 879 585 et
897 545 937 585 13
957 557 1132 597 marque
1148 545 1219 584 des
1237 545 1303 585 fils
1316 557 1398 596 que
1412 545 1516 584 Dieu
1532 546 1627 586 s'est
1645 545 1796 586 ehoisis

226 613 279 652 de
298 615 415 652 toute
436 612 628 661 61613116,
661 611 761 650 6’651
793 614 898 650 66116
929 611 1086 650 crainte
1118 610 1250 650 1111316
1282 610 1355 662 (131
1386 610 1478 649 leur
1508 610 1585 649 fait
1616 610 1798 651 detester

225 680 343 717 toute
363 677 521 717 offense
541 676 642 715 faite
663 678 687 715 a
707 676 799 715 leur
819 677 922 715 Pere
941 676 1174 715 bien-aime
1193 677 1236 715 et
1262 677 1457 714 exeeuter
1487 677 1798 727 promptement

225 755 291 783 ses
311 742 518 782 volontes.
540 741 662 781 Aussi
694 739 945 793 peuvent-ils
977 741 1066 780 dire
1097 753 1198 780 avec
1227 740 1266 779 16
1303 740 1506 792 prophete
1538 752 1603 779 ces
1634 739 1798 791 paroles

225 806 313 860 (Ps.
331 818 475 856 cxvm,
499 806 593 858 163)
610 818 649 844 z«
668 807 686 845 J
695 806 747 845 'ai
766 806 838 844 hai
857 805 1064 857 l'iniquite
1084 809 1127 844 et
1142 806 1185 856 je
1206 805 1276 844 l’ai
1294 817 1371 845 eue
1394 818 1447 845 en
1468 805 1757 845 abomination
1784 818 1795 846 ε

224 873 331 912 mais
347 872 422 924 j'ai
441 872 551 910 aime
572 874 689 909 votre
708 870 785 920 loi;
803 886 823 906 »
841 873 883 910 et
896 882 962 909 665
976 875 1114 910 autres
1125 870 1213 922 (Ps.
1229 881 1370 921 XXXIX,
1386 869 1425 923 9)
1444 883 1482 909 z«
1500 871 1521 911 J
1527 883 1548 910 e
1562 870 1632 910 l’ai
1646 869 1794 920 voulu,

224 938 249 977 ὀ
270 949 370 976 mon
391 937 511 983 Dieu,
535 935 759 987 aeeomplir
777 939 895 975 votre
915 935 1046 975 sainte
1073 935 1130 975 loi
1149 948 1172 975 3
1205 936 1394 987 toujours
1426 937 1492 974 616
1524 948 1578 975 33
1610 935 1714 975 fond
1743 934 1795 975 de

223 1014 323 1042 mon
347 1014 474 1040 eoeur.
498 1016 517 1036 »
542 1001 595 1040 Ce
617 1001 689 1052 qui
711 1003 809 1040 veut
828 1001 942 1040 dire:
964 1001 1043 1041 J'ai
1063 1001 1189 1040 cache
1209 1004 1327 1040 votre
1356 1000 1427 1049 loi,
1450 1001 1490 1052 je
1519 998 1591 1040 l'ai
1615 1000 1720 1040 mise
1739 1012 1795 1040 au

223 1067 371 1107 milieu
393 1067 443 1105 de
465 1078 562 1105 mon
584 1078 698 1105 coeur
724 1078 830 1117 pour
862 1078 915 1104 ne
947 1078 1051 1104 vous
1082 1066 1263 1105 offenser
1287 1066 1464 1117 jamai53
1498 1078 1568 1105 car
1600 1077 1671 1105 ma
1700 1066 1794 1116 plus

226 1132 384 1184 grande
404 1132 563 1170 erainte
584 1134 646 1170 est
665 1131 714 1170 de
736 1130 886 1183 perdre
906 1130 943 1170 le
963 1130 1058 1182 plus
1076 1131 1275 1182 precieux
1295 1131 1365 1170 des
1395 1133 1549 1170 tresors
1580 1131 1653 1183 qui
1672 1135 1734 1170 est
1754 1131 1795 1171 la

226 1199 350 1250 grace
372 1200 412 1235 61
431 1197 472 1236 13
491 1196 794 1236 bienveillauee
815 1195 912 1235 d'uu
933 1197 1036 1238 Pere
1057 1196 1091 1234 si
1114 1196 1247 1247 grand
1271 1208 1279 1235 :
1302 1199 1343 1235 et
1358 1196 1402 1247 je
1432 1195 1517 1235 n'ai
1545 1195 1637 1234 rien
1657 1198 1750 1235 13111
1768 1197 1795 1235 ὲ,

223 1274 340 1303 666111·
361 1274 441 1314 que
462 1261 745 1313 d'aeeomplir,
768 1273 844 1313 par
863 1273 944 1300 une
965 1261 1204 1300 obeissance
1224 1261 1369 1311 1111316,
1391 1273 1436 1300 53
1455 1260 1638 1301 volente.
1675 1260 1795 1301 cetui

223 1327 298 1379 qui
318 1330 420 1379 peut
438 1326 577 1378 parler
596 1326 703 1365 ainsi
723 1338 748 1364 a
766 1338 849 1365 une
870 1338 1030 1378 preuve
1051 1325 1153 1374 qu’il
1172 1330 1234 1366 est
1254 1326 1337 1366 613.

276 1391 309 1432 Il
329 1395 390 1432 est
410 1391 565 1431 certain
587 1403 667 1443 que
689 1391 760 1430 des
779 1391 971 1430 hommes
990 1392 1134 1444 pieux,
1154 1393 1356 1431 trouvant
1376 1402 1428 1430 en
1442 1402 1526 1430 eux
1540 1402 1584 1430 66
1598 1401 1736 1441 sceau,
1752 1402 1795 1430 se

221 1462 317 1497 sont
336 1457 509 1496 efforces
529 1456 580 1496 de
599 1456 637 1496 16
661 1456 812 1507 garder
831 1456 976 1503 intaet,
999 1456 1115 1496 n’ont
1133 1456 1225 1496 rien
1245 1460 1338 1495 tant
1368 1468 1422 1495 en
1453 1455 1632 1495 horreur
1653 1467 1736 1508 que
1755 1455 1796 1496 le

221 1521 369 1576 peche,
391 1521 568 1561 53611331
586 1521 683 1561 bien
705 1533 786 1573 que
806 1521 840 1560 si
860 1533 912 1560 on
932 1522 1099 1561 mettait
1118 1522 1222 1562 dans
1255 1533 1335 1561 une
1366 1521 1556 1570 balance,
1579 1520 1680 1560 d’un
1700 1521 1792 1562 6616

221 1589 318 1626 1035
337 1586 395 1626 165
415 1599 560 1634 maux,
582 1588 675 1625 tous
695 1586 753 1626 les
773 1586 1022 1625 chatiments
1043 1587 1115 1638 qui
1135 1590 1209 1626 ont
1237 1598 1289 1625 eu
1310 1586 1394 1625 lieu
1430 1585 1576 1638 depuis
1609 1585 1649 1625 le
1679 1597 1793 1626 eom-

218 1654 486 1692 mencement
507 1651 563 1690 du
583 1651 736 1690 monde
752 1650 923 1703 jusqu’a
940 1663 1016 1690 nos
1031 1651 1162 1702 jours,
1200 1663 1251 1691 en
1278 1663 1305 1703 y
1333 1651 1531 1703 joignant
1562 1653 1699 1690 toutes
1730 1651 1791 1691 165

218 1716 362 1770 peines
381 1717 431 1756 de
452 1715 601 1756 l’autre
622 1716 687 1755 vie
709 1728 789 1768 que
809 1716 1018 1755 subissent
1036 1716 1096 1756 les
1116 1716 1305 1764 damnes,
1328 1720 1370 1755 et
1401 1716 1452 1755 de
1483 1715 1633 1755 l’autre
1652 1716 1691 1756 16
1711 1717 1787 1768 116-

218 1781 310 1829 6116,
348 1781 378 1820 11
398 1781 469 1833 n'y
488 1781 626 1820 aurait
643 1793 718 1833 pas
740 1781 791 1820 de
811 1781 1121 1833 comparaiseu3
1144 1793 1267 1833 parce
1297 1792 1378 1833 que
1411 1780 1449 1820 16
1477 1780 1609 1832 1166116
1641 1784 1703 1820 651
1734 1793 1794 1821 un

218 1847 306 1888 mal
324 1846 540 1898 beaucoup
560 1846 652 1898 plus
675 1846 827 1897 grand,
849 1849 890 1885 61
909 1845 1018 1885 66131
1038 1846 1111 1899 qui
1130 1846 1279 1886 11161116
1298 1845 1337 1885 16
1367 1846 1460 1897 plus
1492 1845 1623 1885 d’etre
1655 1845 1719 1886 fui
1750 1848 1793 1886 et

219 1912 391 1953 (1616516.
415 1910 524 1950 C'est
543 1922 587 1950 66
609 1910 681 1963 qui
701 1922 726 1950 a
746 1910 822 1949 fait
842 1910 1010 1950 souffrir
1030 1923 1114 1950 aux
1134 1913 1312 1961 martyrs
1333 1913 1427 1950 tant
1457 1910 1508 1951 de
1535 1913 1789 1962 tourments,

1027 2063 1117 2099 tiam
1143 2068 1179 2100 et
1210 2064 1512 2101 benevolentiam
1546 2063 1639 2101 tanti
1673 2064 1792 2102 Patris

219 2066 315 2112 ejus.
353 2079 367 2098 1>
399 2064 564 2101 Alterum
604 2063 770 2110 sigillum
810 2069 866 2100 est
901 2064 988 2109 fuga

1027 2112 1194 2158 perdere,
1217 2123 1300 2158 quae
1331 2113 1438 2149 omni
1470 2112 1566 2148 mihi
1595 2112 1793 2159 pretiosior

218 2113 381 2161 peccati,
401 2112 500 2158 quod
530 2111 607 2147 illis
639 2111 762 2147 verbis
793 2111 987 2156 significa-

219 2165 312 2197 tur:
341 2175 354 2191 α
380 2159 554 2196 1)1566(131
595 2158 642 2195 31)
688 2159 885 2206 iniquitate
923 2159 987 2205 qui

219 2208 396 2245 nominat
428 2217 571 2243 nomen
599 2207 762 2243 Domini.
787 2222 801 2240 a>
846 2206 939 2243 Nam
966 2218 987 2242 a

220 2261 376 2302 peccato
395 2254 611 2299 abhorrere,
633 2258 667 2290 61
694 2254 795 2290 illius
816 2254 985 2290 occasio-

220 2314 293 2340 nes
313 2303 521 2346 declinare,
542 2306 597 2338 est
618 2312 799 2347 magnum
819 2302 985 2348 praedes-

220 2350 421 2388 tinationis
440 2354 721 2394 argumentum.

267 2398 396 2435 Timor
429 2397 553 2443 itaque
588 2396 713 2433 filialis
745 2396 984 2443 signaculum

219 2445 408 2493 quoddam
430 2449 485 2481 est
504 2449 539 2480 et
559 2449 648 2480 nota
669 2444 834 2481 liliorum
854 2445 917 2480 Dei
938 2444 984 2480 ab

217 2498 362 2530 aeterno
391 2492 613 2537 electorum,
647 2502 720 2538 quo
754 2492 984 2529 detestantur

218 2540 404 2578 offensam
463 2540 583 2575 Patris
637 2539 904 2584 amantissimi,
949 2544 983 2575 et

218 2593 414 2636 promptos
434 2597 473 2623 se
501 2586 681 2624 exhibent
711 2588 756 2623 ad
790 2587 982 2624 executio-

217 2646 308 2674 nem
348 2635 550 2671 voluntatis
588 2635 682 2681 ejus.
720 2635 823 2672 Unde
859 2635 984 2671 dicere

217 2688 377 2731 possunt
409 2693 498 2719 cum
527 2682 710 2729 Propheta
733 2693 771 2718 2«
799 2682 983 2730 Iniquita-

220 2735 296 2768 tem
317 2730 404 2767 odio
426 2730 538 2767 habui
560 2734 596 2766 et
615 2729 855 2766 abominatus
883 2740 982 2774 sum,

217 2777 341 2825 legem
362 2782 486 2814 autem
521 2782 622 2814 tuam
654 2777 784 2814 dilexi.
811 2793 823 2810 n
849 2778 892 2814 Et
913 2778 982 2814 ite-

216 2835 303 2863 rum
323 2836 354 2862 :c
375 2826 471 2862 Deus
486 2835 607 2871 meus,
624 2825 723 2861 volui
740 2825 858 2870 legem
882 2830 983 2862 tuam

215 2872 260 2910 in
282 2873 406 2909 medio
427 2873 550 2909 cordis
571 2873 658 2910 mei.
677 2889 691 2907 n
717 2873 829 2916 Quasi
850 2872 950 2910 dieat
972 2883 980 2909 ;

216 2920 263 2957 ln
284 2921 395 2957 eorde
417 2931 500 2957 meo
520 2919 701 2958 abscondi
723 2930 821 2966 eam,
843 2921 881 2957 in
903 2920 982 2967 ejus

216 2968 430 3005 meditullio
463 2979 500 3004 re
529 2968 627 3013 osui,
648 2971 687 3004 ut
721 2978 797 3005 non
830 2978 981 3014 peccem

217 3014 308 3061 tibi3
342 3016 429 3063 quia
460 2979 526 3053 nil:

1026 2165 1081 2195 est
1114 2159 1311 2204 thesaur-03
1334 2160 1431 2196 nihil
1454 2159 1548 2196 mihi
1574 2160 1693 2206 magis
1713 2169 1793 2197 cor-

1026 2207 1078 2250 di,
1096 2217 1207 2252 quam
1229 2208 1310 2254 eius
1330 2208 1539 2254 adimplere
1558 2207 1791 2244 voluntatem

1025 2254 1239 2291 obedientia
1285 2255 1407 2291 liliali.
1449 2255 1526 2291 1106
1564 2254 1627 2301 qui
1667 2255 1793 2291 dicere

1026 2306 1160 2348 potest,
1183 2302 1442 2339 testimouium
1465 2302 1575 2339 habet
1589 2302 1792 2339 electionis

1025 2360 1115 2386 suae.

1070 2398 1176 2434 Certe
1216 2398 1284 2434 viri
1323 2397 1376 2444 pii
1413 2397 1554 2433 divinae
1591 2396 1791 2442 electionis

1023 2445 1261 2490 signaculum
1283 2445 1379 2481 istud
1402 2445 1457 2481 sic
1485 2445 1525 2480 in
1555 2455 1595 2482 56
1626 2445 1790 2482 inviola-

1024 2497 1102 2528 tum
1131 2492 1320 2529 custodire
1351 2492 1478 2529 eonati
1500 2496 1600 2538 sunt,
1624 2497 1663 2528 ut
1692 2492 1790 2529 nihil

1025 2541 1073 2575 ita
1097 2540 1311 2576 horruerint
1331 2551 1374 2576 ac
1397 2544 1607 2586 peecatum,
1626 2539 1790 2577 seientes

1024 2587 1120 2623 inter
1141 2588 1270 2624 omnia
1308 2587 1564 2634 incommoda,
1586 2587 1790 2642 omniaque

1024 2635 1121 2670 mala
1142 2635 1306 2681 poenalia
1327 2646 1411 2682 quae
1429 2647 1450 2671 a
1472 2635 1604 2671 mundi
1625 2639 1790 2672 creatio-

1024 2693 1070 2718 ne
1092 2683 1241 2719 suerunt
1263 2693 1380 2729 usque
1408 2692 1526 2727 nunc,
1547 2683 1660 2718 etiam
1693 2692 1790 2719 con-

1019 2730 1150 2775 juncta
1171 2730 1350 2767 omnibus
1370 2730 1492 2777 poenis
1512 2729 1666 2767 31161135
1701 2734 1788 2767 vttae

1022 2787 1113 2823 quas
1133 2778 1299 2814 11311133ιί
1322 2778 1527 2825 perierunt,
1549 2778 1580 2814 si
1608 2778 1649 2815 in
1671 2777 1790 2815 bilan-

1021 2835 1063 2861 ce
1083 2836 1126 2860 ex
1164 2835 1239 2861 11113
1270 2830 1372 2872 purte
1404 2828 1649 2871 ponerentur,
1675 2829 1711 2862 et
1741 2835 1789 2876 ex

1020 2872 1137 2908 altera
1157 2878 1261 2918 parte
1293 2879 1488 2920 peccatum
1522 2872 1787 2918 collocaretur,

1022 2930 1099 2956 non
1144 2931 1226 2957 esse
1275 2919 1598 2967 comparationem
1645 2930 1653 2957 :
1699 2919 1789 2968 quia

1021 2972 1218 3015 peccatum
1254 2968 1364 3015 longe
1395 2968 1517 3014 majus
1549 2967 1694 3004 malum
1723 2967 1786 3012 sit,

531 3014 557 3053 il
591 3015 641 3053 tta
661 3026 868 3062 vereor‚ae
894 3026 981 3063 gra·
1019 3014 1248 3063 digniusque
1290 3016 1378 3063 suga
1434 3021 1470 3053 et
1525 3014 1787 3054 detestatione.
