1858 3146
1607 192 1687 231 459

116 273 319 327 temps-la
337 274 497 324 abattu‚
519 275 702 323 debilites,
725 275 876 327 maigri
899 278 941 314 et
971 276 1107 314 rendu
1134 277 1227 328 pale
1250 289 1327 329 par
1359 277 1397 317 18
1429 290 1613 331 manque
1634 279 1686 320 de

116 340 358 379 nourr-iture
377 342 419 379 81
438 340 489 379 (18
507 340 690 390 11815588,
710 341 808 380 bien
829 340 930 392 qu’il
950 342 1212 380 tourmentat
1244 354 1319 381 son
1353 354 1472 395 corps
1503 355 1554 383 en
1585 356 1684 384 cou-

116 403 242 443 chant
254 416 326 443 sur
344 404 385 443 18
398 406 523 452 terre,
539 417 591 444 en
611 406 785 445 veillant
805 405 846 444 18
866 406 960 444 nuit
979 409 1021 445 et
1040 417 1093 444 en
1113 406 1363 458 pratiquant
1383 407 1568 448 d'autres
1587 421 1686 449 885-

114 468 259 509 terites
277 468 380 508 (1885
402 469 441 508 18
462 470 614 510 desert.
636 471 670 511 11
689 483 742 510 88
761 470 908 510 voulut
927 483 1015 522 pas,
1033 470 1148 509 selon
1170 470 1210 509 la
1224 483 1447 524 remarque
1461 473 1531 512 des
1547 474 1688 514 Saints

115 533 434 582 Peres‚souffrir
454 535 495 574 la
515 535 616 575 faim
638 548 690 576 en
711 549 755 575 ce
776 536 971 587 temps-la
990 548 1098 588 pour
1117 540 1304 575 monti-er
1324 536 1424 588 qu’il
1439 538 1543 576 etait
1556 539 1684 589 Dieu;

114 603 156 638 et
173 609 251 650 par
269 600 525 651 consequent
544 600 575 639 il
595 601 742 640 voulut
772 602 934 640 ecel-ter
964 600 1006 640 18
1038 600 1246 647 faiblesse,
1271 600 1312 640 la
1347 602 1564 653 maigreur
1584 607 1621 642 et
1644 604 1687 645 18

111 662 273 714 paleur,
295 663 368 715 qui
390 667 464 703 ont
483 668 680 705 coutume
701 665 831 705 d’etre
851 666 889 704 la
911 666 1018 704 suite
1038 666 1093 704 du
1111 665 1258 717 jeune.
1281 666 1399 714 Mais,
1423 678 1476 705 au
1506 667 1611 707 bout
1634 669 1686 709 de

112 738 179 767 ces
210 731 415 779 quarente
442 729 575 780 joui-s,
597 731 628 770 il
658 731 803 770 voulut
835 730 1004 770 souffrir
1036 730 1077 770 18
1108 730 1211 769 faim
1237 743 1344 783 pour
1370 734 1559 773 montrer
1579 733 1681 786 qu’il

112 791 215 831 etait
232 792 441 833 vraiment
461 795 644 846 homme,
667 799 795 846 ayant
817 796 1142 835 naturellement
1173 796 1317 835 besoin
1348 796 1399 836 de
1435 798 1682 839 nourriture

111 858 154 896 et
172 856 223 896 de
242 857 425 906 boisson‚
450 862 493 899 81
511 872 618 911 pour
637 860 756 900 oth-ir
787 873 842 900 au
875 861 1012 900 diable
1045 874 1129 900 une
1150 862 1340 901 occasion
1375 862 1426 901 de
1458 863 1495 902 le
1527 866 1684 904 tenter.

112 921 233 962 Saint
262 923 420 964 Hilaire
451 923 612 976 (Matth.
648 937 705 974 lv,
727 925 813 979 58.)
846 926 1066 978 s’exprime
1099 926 1240 966 ainsi:
1268 940 1287 964 «
1322 927 1687 979 Notre-Seigneur

109 986 391 1028 Iesus-christ
410 992 482 1029 eut
514 990 630 1038 faim,
653 1003 736 1030 non
768 1003 842 1043 pas
875 991 1063 1042 pendant
1094 991 1153 1031 les
1186 994 1393 1044 quarente
1421 992 1557 1043 jours,
1579 993 1686 1034 mais

110 1053 231 1104 apres
250 1052 309 1092 les
330 1058 534 1105 quarente
550 1056 684 1107 j0urs,
708 1059 750 1095 et
770 1058 897 1096 Mo‘ise
933 1062 974 1096 et
1005 1057 1096 1096 Elie
1118 1069 1171 1096 ne
1190 1058 1397 1097 sentirent
1417 1070 1492 1110 pas
1512 1058 1554 1097 18
1581 1058 1686 1099 faim

108 1117 297 1169 pendant
315 1119 353 1158 18
373 1120 510 1160 meme
530 1123 666 1173 temps
686 1121 808 1173 qu'ils
823 1122 1065 1173 jeunerent.
1083 1136 1102 1159 »
1126 1124 1182 1162 Le
1203 1122 1342 1161 diable
1364 1126 1459 1161 crut
1478 1123 1588 1163 donc
1602 1135 1686 1176 que

109 1180 148 1221 18
169 1181 392 1234 seigneur,
415 1186 621 1225 souflrant
642 1187 681 1226 18
702 1187 821 1235 seim,
844 1188 947 1226 81811
967 1187 1172 1227 inferieur
1194 1189 1220 1226 a
1240 1188 1370 1227 Moise
1403 1191 1446 1228 et
1472 1190 1495 1227 a
1515 1189 1620 1238 Elie,
1643 1191 1687 1230 et

110 1245 209 1287 c’est
238 1260 284 1288 ce
313 1249 386 1301 qui
416 1250 477 1290 lui
497 1251 640 1291 (18888
658 1251 753 1303 plus
772 1252 972 1291 d'audace
991 1265 1100 1304 pour
1119 1252 1388 1304 s'approcher
1409 1253 1460 1292 (18
1482 1253 1542 1292 181
1571 1257 1614 1294 81
1632 1254 1686 1294 (18

109 1310 150 1351 18
167 1314 304 1353 tenter
321 1326 399 1366 par
417 1316 457 1355 la
478 1317 787 1368 gourmandise,
810 1330 973 1356 comme
993 1318 1023 1356 il
1042 1318 1183 1357 l'avait
1203 1318 1282 1357 fait
1302 1330 1410 1371 pour
1429 1323 1551 1358 notre
1586 1331 1683 1371 pre-

109 1375 218 1416 mier
242 1379 356 1430 pere.
381 1381 500 1420 Saint
519 1382 699 1421 Maxime
718 1381 914 1433 (Home'lc‘e
932 1384 971 1429 3,
994 1395 1063 1421 sur
1083 1382 1116 1421 le
1140 1382 1264 1433 jezine
1295 1382 1349 1422 dec
1374 1382 1542 1435 careme)
1564 1383 1683 1436 pai-le

110 1441 217 1481 ainsi
248 1455 320 1483 sur
350 1444 389 1484 18
418 1447 555 1486 meme
587 1447 723 1498 sujet:
751 1462 770 1485 (1
793 1448 919 1487 Moise
942 1446 1057 1486 n'eut
1076 1448 1197 1500 point
1218 1447 1321 1487 18181
1341 1460 1451 1500 pour
1471 1449 1596 1500 qu’on
1623 1450 1686 1489 vit

110 1505 214 1546 dans
232 1507 274 1547 18
292 1509 486 1550 1811118558
506 1511 556 1551 (18
576 1511 777 1551 l'homme
797 1512 968 1551 l'oeuvre
990 1512 1040 1551 de
1063 1512 1101 1551 18
1121 1512 1313 1551 divinite.
1336 1515 1391 1552 Le
1413 1512 1498 1552 Fils
1512 1513 1563 1552 de
1578 1513 1685 1554 Dieu

109 1574 181 1611 eut
199 1571 303 1612 18118
321 1586 428 1625 pour
447 1580 636 1616 montrer
655 1577 779 1628 qu'en
802 1579 981 1628 prenant
1013 1580 1134 1616 notre
1166 1577 1284 1616 cheir
1317 1577 1345 1616 il
1379 1578 1492 1618 avait
1524 1578 1610 1630 pris
1644 1577 1686 1618 18

108 1635 299 1677 faiblesse
319 1639 371 1679 de
388 1638 604 1680 l'homme.
628 1656 647 1676 »
672 1641 794 1681 Saint
814 1641 954 1681 Pierre
974 1642 1268 1694 Chrysologue
1299 1641 1433 1694 (serm.
1456 1643 1511 1694 2.)
1541 1643 1686 1694 ajoute

109 1712 177 1742 885
197 1703 361 1755 paroles
379 1718 388 1744 :
410 1719 429 1743 «
451 1707 506 1746 Le
527 1706 666 1746 Christ
687 1706 853 1746 souffrit
874 1707 914 1746 18
935 1707 1037 1746 181111
1058 1720 1165 1760 pour
1185 1719 1266 1759 que
1287 1707 1324 1746 le
1345 1707 1484 1746 diable
1516 1709 1686 1747 trouvat

108 1778 194 1807 une
212 1768 400 1809 occasion
420 1770 470 1810 de
493 1771 531 1810 le
551 1774 702 1820 tenter,
725 1784 795 1811 car
814 1773 913 1811 c'est
932 1772 1100 1824 lorsque
1120 1784 1165 1812 ce
1186 1774 1280 1812 ruse
1296 1772 1568 1813 observateur
1583 1772 1686 1814 l'eut

546 197 724 227 numum!
755 197 967 226 nfflANCHE
995 199 1047 226 DE
1076 190 1257 228 CAREME.

108 1843 165 1872 vu
182 1834 354 1874 souffrir
372 1835 423 1875 de
442 1836 483 1875 la
501 1836 603 1876 faim
627 1836 730 1889 qu’il
749 1841 842 1877 crut
862 1836 964 1890 qu'il
985 1838 1158 1890 ponvait
1178 1838 1216 1876 le
1237 1840 1392 1877 tenter.

162 1899 223 1939 De
240 1899 349 1951 plus,
371 1900 469 1941 bien
501 1913 582 1954 que
612 1902 896 1942 Jesus-Christ
928 1906 1000 1942 eut
1032 1902 1207 1942 souflert
1235 1902 1277 1941 18
1310 1902 1414 1942 18181
1435 1915 1488 1942 88
1508 1903 1613 1943 bont
1631 1904 1684 1943 de

109 2095 359 2142 indigentiam
398 2106 442 2132 co
482 2101 649 2143 tempore
688 2107 767 2133 non
806 2098 876 2133 suit

109 2141 287 2188 afflictus,
326 2143 476 2190 debiliS,
522 2144 764 2188 macilentus,
812 2150 874 2180 aut

107 2190 288 2237 pallidus,
303 2191 470 2228 redditus
484 2208 492 2235 ;
508 2193 681 2238 quamvis
698 2192 746 2228 ob
769 2192 873 2228 humi

109 2237 373 2281 cubationcm,
431 2239 478 2275 ob
533 2240 873 2286 pernoctationem,

108 2289 146 2322 et
164 2284 212 2322 ob
232 2286 324 2322 alias
343 2291 555 2333 assumptas
574 2287 812 2323 austeritates
834 2288 872 2323 in

108 2332 328 2372 solitudine.
350 2337 498 2380 corpori
519 2335 599 2380 eJus
619 2334 774 2371 afflictio
795 2346 872 2371 non

109 2380 281 2418 detuerit.
305 2381 432 2419 Noluit
470 2387 597 2418 autem
628 2383 766 2419 famem
796 2383 871 2428 pati

110 2437 154 2465 eo
181 2432 365 2475 tempore,
398 2434 436 2465 ut
468 2434 602 2466 notant
633 2431 694 2466 SS.
730 2430 870 2476 Patres,

110 2475 198 2522 quia
219 2476 336 2513 Deum
350 2477 404 2514 sic
426 2488 464 2512 se
485 2477 630 2514 volebat
646 2478 869 2521 ostendere3

109 2527 147 2559 et
166 2523 217 2560 ita
235 2529 508 2570 consequenter
528 2525 774 2566 debilitatem,
796 2535 871 2561 ma-

110 2570 221 2617 ciem,
243 2571 424 2618 pallorem
446 2583 488 2608 ex
507 2572 655 2619 1818818
684 2573 774 2609 oriri
806 2584 869 2609 58-

110 2617 216 2655 litam
235 2619 353 2655 voluit
384 2619 597 2666 prohibere.
622 2621 708 2657 Post
734 2621 781 2656 40
800 2631 869 2656 au-

109 2668 187 2702 tem
206 2666 286 2702 dies
306 2667 469 2703 esuriem
501 2667 579 2714 pati
599 2668 729 2712 voluit,
754 2672 793 2704 ut
831 2678 871 2704 se

111 2711 305 2750 hominem
325 2724 455 2751 verum
474 2715 639 2760 doceret,
660 2720 749 2762 potu
770 2715 871 2752 cibo-

111 2769 184 2805 que
202 2762 423 2798 naturaliter
441 2768 630 2809 egentem,
651 2768 687 2799 et
713 2767 755 2799 ut
786 2763 870 2799 dia-

113 2805 199 2843 bolo
234 2818 367 2845 885881
406 2810 623 2846 tentationis
660 2810 867 2847 exhiberet.

114 2852 220 2907 Unde
250 2861 401 2893 sanctus
435 2858 598 2894 Hilarius
626 2858 716 2895 Mat.
748 2858 785 2894 4.
815 2858 869 2895 sic

112 2903 166 2954 811
203 2909 213 2937 :
238 2913 253 2932 ι
275 2901 442 2941 Christus
474 2910 557 2952 post
587 2905 635 2942 40
666 2906 761 2949 dies,
790 2917 869 2942 non

112 2947 220 3002 msto
254 2948 387 2988 diebus
419 2953 564 2996 esuriit,
595 2957 632 2989 et
670 2953 798 2999 Moyse
835 2957 870 2990 et

111 2994 196 3033 mia
212 2995 254 3033 in
272 2997 404 3035 eodem
427 2998 565 3047 1818811
595 3005 766 3048 tempore
791 3011 871 3038 non

915 2096 1196 2134 esurientibus.
1246 2112 1260 2130 »
1311 2096 1548 2132 Existimavit
1592 2107 1681 2144 ergo

914 2145 1091 2181 diabolus
1130 2145 1321 2180 Christum
1359 2145 1587 2180 esurientem
1617 2146 1682 2181 in-

915 2192 1090 2228 feriorem
1141 2202 1222 2228 esse
1270 2192 1397 2236 Moyse
1441 2197 1476 2228 et
1508 2192 1607 2235 Elia,
1639 2197 1675 2228 et

915 2240 999 2276 ideo
1020 2240 1202 2276 audacius
1220 2240 1364 2276 accedit
1385 2239 1430 2275 ad
1454 2240 1680 2276 tentandum

914 2288 961 2324 de
981 2288 1083 2334 gula,
1106 2288 1202 2323 51881
1223 2293 1258 2323 81
1287 2287 1454 2333 primum
1484 2291 1680 2332 parentem

913 2346 1111 2381 aggressus
1145 2335 1279 2371 suerat.
1304 2335 1348 2370 ln
1380 2334 1553 2370 eamdem
1589 2345 1680 2371 sen-

914 2383 1071 2419 tentiam
1093 2383 1147 2418 sic
1180 2382 1347 2428 loquitur
1377 2387 1532 2418 sanctus
1555 2382 1679 2419 Maxi-

912 2441 1011 2476 mus,
1036 2431 1137 2466 hom.
1159 2430 1181 2464 3
1201 2430 1247 2466 de
1280 2430 1431 2475 Jejunio
1458 2429 1678 2476 Quadrage-

911 2479 1007 2514 sima
1031 2489 1038 2513 :
1067 2492 1080 2510 u
1108 2477 1254 2522 Moyses
1283 2487 1362 2514 non
1383 2477 1555 2520 esurivit,
1578 2477 1679 2514 utin

912 2526 1066 2562 bomine
1086 2525 1211 2570 fragili
1230 2529 1382 2571 operata
1396 2524 1574 2560 divinitas
1594 2535 1679 2571 pro·

911 2573 1073 2609 burctur.
1099 2573 1260 2608 Esurivit
1291 2573 1354 2608 Dei
1389 2572 1518 2615 Filius,
1542 2577 1581 2607 ut.
1612 2582 1677 2608 as-

910 2621 1164 2667 sumptionem
1186 2620 1313 2656 carnis
1340 2624 1478 2655 nostrae
1503 2619 1678 2666 fragilem

909 2668 1121 2714 suscepisse
1137 2667 1331 2703 hominem
1352 2667 1547 2703 revelaret.
1564 2681 1580 2700 2
1604 2667 1680 2704 Ad-

909 2716 961 2752 dit
983 2715 1250 2761 Chrysologus,
1272 2724 1386 2750 serm.
1410 2725 1434 2750 n
1457 2724 1489 2750 ια
1514 2714 1679 2752 Esurivit

909 2763 1091 2805 Christus,
1116 2767 1155 2798 ut
1176 2762 1345 2798 tentandi
1373 2762 1571 2798 materiam
1591 2762 1678 2799 (118-

911 2810 1018 2847 bolus
1039 2809 1250 2853 inveniret3
1274 2814 1364 2845 tunc
1396 2810 1500 2846 enim
1533 2809 1679 2856 putavit

908 2868 1018 2904 posse
1052 2857 1202 2903 tentari,
1223 2857 1375 2902 quando
1408 2867 1496 2893 eum
1533 2857 1678 2895 esurire

908 2906 1069 2942 callidus
1089 2905 1303 2950 explorator
1323 2904 1501 2950 inspexit.
1526 2919 1541 2937 »

957 2952 1115 2989 Interim
1140 2952 1229 2989 licet
1247 2961 1332 2988 vere
1351 2952 1527 2988 esurierit
1546 2950 1676 2989 Chris-

909 3005 969 3036 tus
1012 3004 1099 3047 post
1143 3000 1190 3036 40
1233 2999 1335 3044 dies,
1373 3003 1507 3036 notant
1548 3004 1678 3038 tamen
