<?xml version="1.0" encoding="UTF-8"?>
<!DOCTYPE html PUBLIC "-//W3C//DTD XHTML 1.0 Transitional//EN"
    "http://www.w3.org/TR/xhtml1/DTD/xhtml1-transitional.dtd">
<html xmlns="http://www.w3.org/1999/xhtml" xml:lang="en" lang="en">
 <head>
  <title>
</title>
<meta http-equiv="Content-Type" content="text/html;charset=utf-8" />
  <meta name='ocr-system' content='tesseract 3.04.00' />
  <meta name='ocr-capabilities' content='ocr_page ocr_carea ocr_par ocr_line ocrx_word'/>
</head>
<body>
  <div class='ocr_page' id='page_1' title='image "./lerationaldespr02marc_0617.png"; bbox 0 0 1858 3146; ppageno 0'>
   <div class='ocr_carea' id='block_1_1' title="bbox 1615 124 1694 166">
    <p class='ocr_par' dir='ltr' id='par_1_1' title="bbox 1615 124 1694 166">
     <span class='ocr_line' id='line_1_1' title="bbox 1615 124 1694 166; baseline 0 0"><span class='ocrx_word' id='word_1_1' title='bbox 1615 124 1694 166; x_wconf 81' lang='lat'>607</span> 
     </span>
    </p>
   </div>
   <div class='ocr_carea' id='block_1_2' title="bbox 123 211 1703 1888">
    <p class='ocr_par' dir='ltr' id='par_1_2' title="bbox 123 211 1703 1888">
     <span class='ocr_line' id='line_1_2' title="bbox 127 211 1696 262; baseline -0.001 -6"><span class='ocrx_word' id='word_1_2' title='bbox 127 215 168 257; x_wconf 89' lang='grc'>13</span> <span class='ocrx_word' id='word_1_3' title='bbox 185 214 339 257; x_wconf 88' lang='lat' dir='ltr'>monde</span> <span class='ocrx_word' id='word_1_4' title='bbox 358 226 422 254; x_wconf 87' lang='lat' dir='ltr'>ses</span> <span class='ocrx_word' id='word_1_5' title='bbox 440 225 604 255; x_wconf 80' lang='lat' dir='ltr'>oeuvres</span> <span class='ocrx_word' id='word_1_6' title='bbox 620 225 673 255; x_wconf 87' lang='lat' dir='ltr'>en</span> <span class='ocrx_word' id='word_1_7' title='bbox 692 212 752 254; x_wconf 89' lang='grc'>133</span> <span class='ocrx_word' id='word_1_8' title='bbox 770 213 953 253; x_wconf 84' lang='grc'><strong>31311331</strong></span> <span class='ocrx_word' id='word_1_9' title='bbox 972 213 997 251; x_wconf 74' lang='lat' dir='ltr'>a</span> <span class='ocrx_word' id='word_1_10' title='bbox 1016 223 1090 262; x_wconf 91' lang='lat' dir='ltr'>nu,</span> <span class='ocrx_word' id='word_1_11' title='bbox 1112 212 1250 252; x_wconf 70' lang='lat' dir='ltr'>meme</span> <span class='ocrx_word' id='word_1_12' title='bbox 1282 211 1439 252; x_wconf 83' lang='lat' dir='ltr'>devant</span> <span class='ocrx_word' id='word_1_13' title='bbox 1469 225 1533 253; x_wconf 87' lang='grc'>333</span> <span class='ocrx_word' id='word_1_14' title='bbox 1562 224 1696 255; x_wconf 85' lang='lat' dir='ltr'>enne-</span> 
     </span>
     <span class='ocr_line' id='line_1_3' title="bbox 125 276 1695 332; baseline -0.002 -11"><span class='ocrx_word' id='word_1_15' title='bbox 125 280 218 330; x_wconf 82' lang='lat' dir='ltr'>mis,</span> <span class='ocrx_word' id='word_1_16' title='bbox 241 283 284 321; x_wconf 88' lang='grc'>31</span> <span class='ocrx_word' id='word_1_17' title='bbox 303 279 376 332; x_wconf 83' lang='grc'><strong>(131</strong></span> <span class='ocrx_word' id='word_1_18' title='bbox 394 290 447 319; x_wconf 90' lang='lat' dir='ltr'>ne</span> <span class='ocrx_word' id='word_1_19' title='bbox 462 278 598 319; x_wconf 85' lang='lat' dir='ltr'>eraint</span> <span class='ocrx_word' id='word_1_20' title='bbox 616 277 736 331; x_wconf 83' lang='lat' dir='ltr'>point</span> <span class='ocrx_word' id='word_1_21' title='bbox 755 276 882 330; x_wconf 89' lang='lat' dir='ltr'>qu&#39;on</span> <span class='ocrx_word' id='word_1_22' title='bbox 902 288 931 328; x_wconf 82' lang='lat' dir='ltr'>y</span> <span class='ocrx_word' id='word_1_23' title='bbox 948 279 1097 316; x_wconf 84' lang='lat' dir='ltr'><strong>trouve</strong></span> <span class='ocrx_word' id='word_1_24' title='bbox 1117 289 1279 316; x_wconf 79' lang='lat' dir='ltr'>aucune</span> <span class='ocrx_word' id='word_1_25' title='bbox 1300 277 1437 317; x_wconf 79' lang='lat' dir='ltr'>tache.</span> <span class='ocrx_word' id='word_1_26' title='bbox 1463 293 1484 314; x_wconf 95' lang='lat'>«</span> <span class='ocrx_word' id='word_1_27' title='bbox 1505 277 1695 326; x_wconf 89' lang='lat' dir='ltr'>Quicon-</span> 
     </span>
     <span class='ocr_line' id='line_1_4' title="bbox 126 340 1691 398; baseline -0.001 -12"><span class='ocrx_word' id='word_1_28' title='bbox 126 358 208 398; x_wconf 84' lang='lat' dir='ltr'>que</span> <span class='ocrx_word' id='word_1_29' title='bbox 228 344 307 385; x_wconf 84' lang='lat' dir='ltr'>fait</span> <span class='ocrx_word' id='word_1_30' title='bbox 326 345 365 384; x_wconf 97' lang='grc'>13</span> <span class='ocrx_word' id='word_1_31' title='bbox 385 344 471 384; x_wconf 81' lang='lat' dir='ltr'>mal</span> <span class='ocrx_word' id='word_1_32' title='bbox 490 343 579 383; x_wconf 89' lang='lat' dir='ltr'>hait</span> <span class='ocrx_word' id='word_1_33' title='bbox 598 344 640 384; x_wconf 86' lang='lat' dir='ltr'>la</span> <span class='ocrx_word' id='word_1_34' title='bbox 659 342 848 390; x_wconf 77' lang='lat' dir='ltr'>lumiere,</span> <span class='ocrx_word' id='word_1_35' title='bbox 862 344 903 381; x_wconf 93' lang='grc'>31</span> <span class='ocrx_word' id='word_1_36' title='bbox 917 353 970 381; x_wconf 88' lang='grc'>33</span> <span class='ocrx_word' id='word_1_37' title='bbox 985 340 1227 393; x_wconf 82' lang='lat' dir='ltr'>s’approehe</span> <span class='ocrx_word' id='word_1_38' title='bbox 1246 342 1366 394; x_wconf 92' lang='lat' dir='ltr'>point</span> <span class='ocrx_word' id='word_1_39' title='bbox 1380 343 1431 382; x_wconf 88' lang='lat' dir='ltr'>de</span> <span class='ocrx_word' id='word_1_40' title='bbox 1446 342 1486 382; x_wconf 85' lang='lat' dir='ltr'>la</span> <span class='ocrx_word' id='word_1_41' title='bbox 1500 343 1691 392; x_wconf 84' lang='lat' dir='ltr'>lumiere,</span> 
     </span>
     <span class='ocr_line' id='line_1_5' title="bbox 125 405 1697 462; baseline -0.001 -11"><span class='ocrx_word' id='word_1_42' title='bbox 125 411 176 451; x_wconf 88' lang='lat' dir='ltr'>de</span> <span class='ocrx_word' id='word_1_43' title='bbox 195 422 300 462; x_wconf 86' lang='lat' dir='ltr'>peur</span> <span class='ocrx_word' id='word_1_44' title='bbox 322 408 474 462; x_wconf 87' lang='lat' dir='ltr'>qu&#39;elle</span> <span class='ocrx_word' id='word_1_45' title='bbox 502 421 554 449; x_wconf 91' lang='lat' dir='ltr'>ne</span> <span class='ocrx_word' id='word_1_46' title='bbox 585 409 624 449; x_wconf 90' lang='grc'>13</span> <span class='ocrx_word' id='word_1_47' title='bbox 655 407 917 458; x_wconf 87' lang='lat' dir='ltr'>eonvainque</span> <span class='ocrx_word' id='word_1_48' title='bbox 949 405 1005 445; x_wconf 89' lang='lat' dir='ltr'>du</span> <span class='ocrx_word' id='word_1_49' title='bbox 1038 405 1122 445; x_wconf 83' lang='lat' dir='ltr'>mal</span> <span class='ocrx_word' id='word_1_50' title='bbox 1154 406 1258 458; x_wconf 87' lang='lat' dir='ltr'>qu&#39;il</span> <span class='ocrx_word' id='word_1_51' title='bbox 1277 419 1303 446; x_wconf 86' lang='lat' dir='ltr'>a</span> <span class='ocrx_word' id='word_1_52' title='bbox 1328 407 1434 446; x_wconf 81' lang='lat' dir='ltr'>fait:</span> <span class='ocrx_word' id='word_1_53' title='bbox 1460 408 1565 448; x_wconf 85' lang='lat' dir='ltr'>mais</span> <span class='ocrx_word' id='word_1_54' title='bbox 1586 407 1697 449; x_wconf 89' lang='lat' dir='ltr'>celui</span> 
     </span>
     <span class='ocr_line' id='line_1_6' title="bbox 126 470 1698 528; baseline -0.001 -13"><span class='ocrx_word' id='word_1_55' title='bbox 126 474 199 528; x_wconf 87' lang='lat' dir='ltr'>qui</span> <span class='ocrx_word' id='word_1_56' title='bbox 230 474 306 514; x_wconf 84' lang='lat' dir='ltr'>fait</span> <span class='ocrx_word' id='word_1_57' title='bbox 337 486 382 513; x_wconf 88' lang='lat' dir='ltr'>ce</span> <span class='ocrx_word' id='word_1_58' title='bbox 415 485 496 526; x_wconf 91' lang='lat' dir='ltr'>que</span> <span class='ocrx_word' id='word_1_59' title='bbox 528 473 570 513; x_wconf 86' lang='lat' dir='ltr'>la</span> <span class='ocrx_word' id='word_1_60' title='bbox 601 473 733 513; x_wconf 78' lang='lat' dir='ltr'>verite</span> <span class='ocrx_word' id='word_1_61' title='bbox 763 471 824 512; x_wconf 91' lang='lat' dir='ltr'>lui</span> <span class='ocrx_word' id='word_1_62' title='bbox 854 470 1030 524; x_wconf 88' lang='lat' dir='ltr'>prescrit</span> <span class='ocrx_word' id='word_1_63' title='bbox 1062 471 1305 522; x_wconf 84' lang='lat' dir='ltr'>s’approehe</span> <span class='ocrx_word' id='word_1_64' title='bbox 1337 472 1565 512; x_wconf 89' lang='lat' dir='ltr'>volontiers</span> <span class='ocrx_word' id='word_1_65' title='bbox 1586 472 1698 513; x_wconf 79' lang='lat' dir='ltr'>dela</span> 
     </span>
     <span class='ocr_line' id='line_1_7' title="bbox 124 535 1698 591; baseline -0.001 -11"><span class='ocrx_word' id='word_1_66' title='bbox 124 539 317 588; x_wconf 74' lang='grc'><strong>13131313,</strong></span> <span class='ocrx_word' id='word_1_67' title='bbox 339 538 422 579; x_wconf 87' lang='lat' dir='ltr'>afin</span> <span class='ocrx_word' id='word_1_68' title='bbox 446 550 527 591; x_wconf 90' lang='lat' dir='ltr'>que</span> <span class='ocrx_word' id='word_1_69' title='bbox 550 550 613 578; x_wconf 84' lang='lat' dir='ltr'>ses</span> <span class='ocrx_word' id='word_1_70' title='bbox 632 549 796 578; x_wconf 85' lang='lat' dir='ltr'>oeuvres</span> <span class='ocrx_word' id='word_1_71' title='bbox 825 535 958 575; x_wconf 79' lang='lat' dir='ltr'>soient</span> <span class='ocrx_word' id='word_1_72' title='bbox 988 535 1275 575; x_wconf 75' lang='lat' dir='ltr'>decouvertes.</span> <span class='ocrx_word' id='word_1_73' title='bbox 1298 551 1317 571; x_wconf 92' lang='lat'>»</span> <span class='ocrx_word' id='word_1_74' title='bbox 1345 535 1471 588; x_wconf 82' lang='lat' dir='ltr'>(Jean.</span> <span class='ocrx_word' id='word_1_75' title='bbox 1495 548 1556 586; x_wconf 88' lang='grc' dir='ltr'>ιιι,</span> <span class='ocrx_word' id='word_1_76' title='bbox 1579 539 1631 578; x_wconf 77' lang='grc'>20</span> <span class='ocrx_word' id='word_1_77' title='bbox 1655 541 1698 578; x_wconf 90' lang='grc'>31</span> 
     </span>
     <span class='ocr_line' id='line_1_8' title="bbox 124 600 1697 658; baseline -0.001 -14"><span class='ocrx_word' id='word_1_78' title='bbox 124 607 170 649; x_wconf 77' lang='grc'>21</span> <span class='ocrx_word' id='word_1_79' title='bbox 182 603 206 658; x_wconf 88' lang='grc'>.)</span> <span class='ocrx_word' id='word_1_80' title='bbox 233 606 287 644; x_wconf 81' lang='lat' dir='ltr'>La</span> <span class='ocrx_word' id='word_1_81' title='bbox 307 603 547 643; x_wconf 81' lang='lat' dir='ltr'>distinction</span> <span class='ocrx_word' id='word_1_82' title='bbox 568 607 686 643; x_wconf 89' lang='lat' dir='ltr'>entre</span> <span class='ocrx_word' id='word_1_83' title='bbox 706 602 747 642; x_wconf 87' lang='grc'>13</span> <span class='ocrx_word' id='word_1_84' title='bbox 765 602 899 641; x_wconf 88' lang='lat' dir='ltr'>bonne</span> <span class='ocrx_word' id='word_1_85' title='bbox 913 601 1009 640; x_wconf 89' lang='grc'><strong>3113</strong></span> <span class='ocrx_word' id='word_1_86' title='bbox 1024 600 1238 640; x_wconf 81' lang='lat' dir='ltr'>mauvaise</span> <span class='ocrx_word' id='word_1_87' title='bbox 1258 601 1501 641; x_wconf 79' lang='lat' dir='ltr'>conscience</span> <span class='ocrx_word' id='word_1_88' title='bbox 1517 603 1697 642; x_wconf 76' lang='lat' dir='ltr'>consiste</span> 
     </span>
     <span class='ocr_line' id='line_1_9' title="bbox 125 665 1697 721; baseline -0.002 -11"><span class='ocrx_word' id='word_1_89' title='bbox 125 681 176 710; x_wconf 87' lang='lat' dir='ltr'>en</span> <span class='ocrx_word' id='word_1_90' title='bbox 196 682 241 709; x_wconf 92' lang='grc'>33</span> <span class='ocrx_word' id='word_1_91' title='bbox 261 681 343 721; x_wconf 89' lang='lat' dir='ltr'>que</span> <span class='ocrx_word' id='word_1_92' title='bbox 364 668 519 709; x_wconf 88' lang='lat' dir='ltr'>celle-ei</span> <span class='ocrx_word' id='word_1_93' title='bbox 551 680 605 708; x_wconf 89' lang='lat' dir='ltr'>ne</span> <span class='ocrx_word' id='word_1_94' title='bbox 637 667 771 707; x_wconf 83' lang='lat' dir='ltr'>eraint</span> <span class='ocrx_word' id='word_1_95' title='bbox 801 679 939 706; x_wconf 82' lang='lat' dir='ltr'>aucun</span> <span class='ocrx_word' id='word_1_96' title='bbox 973 666 1141 718; x_wconf 83' lang='lat' dir='ltr'>regard,</span> <span class='ocrx_word' id='word_1_97' title='bbox 1164 665 1302 704; x_wconf 86' lang='lat' dir='ltr'>tandis</span> <span class='ocrx_word' id='word_1_98' title='bbox 1334 678 1415 717; x_wconf 88' lang='lat' dir='ltr'>que</span> <span class='ocrx_word' id='word_1_99' title='bbox 1448 666 1608 706; x_wconf 75' lang='grc'><strong>33113-13</strong></span> <span class='ocrx_word' id='word_1_100' title='bbox 1638 668 1697 708; x_wconf 87' lang='grc'>133</span> 
     </span>
     <span class='ocr_line' id='line_1_10' title="bbox 124 729 1698 784; baseline -0.001 -9"><span class='ocrx_word' id='word_1_101' title='bbox 124 734 259 775; x_wconf 84' lang='lat' dir='ltr'>craint</span> <span class='ocrx_word' id='word_1_102' title='bbox 288 738 397 774; x_wconf 81' lang='lat' dir='ltr'>tous.</span> <span class='ocrx_word' id='word_1_103' title='bbox 430 734 525 784; x_wconf 87' lang='lat' dir='ltr'>Job,</span> <span class='ocrx_word' id='word_1_104' title='bbox 549 734 633 773; x_wconf 91' lang='lat' dir='ltr'>fort</span> <span class='ocrx_word' id='word_1_105' title='bbox 663 733 714 772; x_wconf 94' lang='lat' dir='ltr'>de</span> <span class='ocrx_word' id='word_1_106' title='bbox 748 744 793 771; x_wconf 86' lang='lat' dir='ltr'>sa</span> <span class='ocrx_word' id='word_1_107' title='bbox 823 732 1075 781; x_wconf 88' lang='lat' dir='ltr'>conscience,</span> <span class='ocrx_word' id='word_1_108' title='bbox 1098 731 1222 770; x_wconf 83' lang='lat' dir='ltr'>disait</span> <span class='ocrx_word' id='word_1_109' title='bbox 1251 729 1358 782; x_wconf 73' lang='lat' dir='ltr'><em>(lob.</em></span> <span class='ocrx_word' id='word_1_110' title='bbox 1396 742 1457 780; x_wconf 88' lang='lat'>111,</span> <span class='ocrx_word' id='word_1_111' title='bbox 1483 732 1550 784; x_wconf 84' lang='lat'>13.)</span> <span class='ocrx_word' id='word_1_112' title='bbox 1574 745 1583 772; x_wconf 93' lang='lat'>:</span> <span class='ocrx_word' id='word_1_113' title='bbox 1611 733 1698 773; x_wconf 73' lang='grc'><strong>((13</strong></span> 
     </span>
     <span class='ocr_line' id='line_1_11' title="bbox 125 796 1699 852; baseline -0.001 -13"><span class='ocrx_word' id='word_1_114' title='bbox 125 799 208 840; x_wconf 82' lang='lat' dir='ltr'>n’ei</span> <span class='ocrx_word' id='word_1_115' title='bbox 221 811 294 852; x_wconf 85' lang='lat' dir='ltr'>pas</span> <span class='ocrx_word' id='word_1_116' title='bbox 314 798 522 850; x_wconf 79' lang='lat' dir='ltr'>dedaigne</span> <span class='ocrx_word' id='word_1_117' title='bbox 543 798 724 838; x_wconf 88' lang='lat' dir='ltr'>d&#39;eutrer</span> <span class='ocrx_word' id='word_1_118' title='bbox 744 808 796 837; x_wconf 91' lang='lat' dir='ltr'>en</span> <span class='ocrx_word' id='word_1_119' title='bbox 815 797 1041 848; x_wconf 88' lang='lat' dir='ltr'>jugement</span> <span class='ocrx_word' id='word_1_120' title='bbox 1061 807 1162 836; x_wconf 85' lang='lat' dir='ltr'>avec</span> <span class='ocrx_word' id='word_1_121' title='bbox 1182 807 1281 835; x_wconf 94' lang='lat' dir='ltr'>mon</span> <span class='ocrx_word' id='word_1_122' title='bbox 1303 796 1509 836; x_wconf 88' lang='lat' dir='ltr'>serviteur</span> <span class='ocrx_word' id='word_1_123' title='bbox 1528 799 1571 836; x_wconf 90' lang='grc'>31</span> <span class='ocrx_word' id='word_1_124' title='bbox 1599 809 1699 838; x_wconf 85' lang='lat' dir='ltr'>avec</span> 
     </span>
     <span class='ocr_line' id='line_1_12' title="bbox 124 860 1699 915; baseline -0.001 -11"><span class='ocrx_word' id='word_1_125' title='bbox 124 876 196 905; x_wconf 87' lang='lat' dir='ltr'>ma</span> <span class='ocrx_word' id='word_1_126' title='bbox 213 868 420 913; x_wconf 85' lang='lat' dir='ltr'>servante,</span> <span class='ocrx_word' id='word_1_127' title='bbox 442 862 653 915; x_wconf 87' lang='lat' dir='ltr'>lorsqu’ils</span> <span class='ocrx_word' id='word_1_128' title='bbox 672 862 932 914; x_wconf 84' lang='lat' dir='ltr'>disputaient</span> <span class='ocrx_word' id='word_1_129' title='bbox 950 864 1096 901; x_wconf 84' lang='lat' dir='ltr'>contre</span> <span class='ocrx_word' id='word_1_130' title='bbox 1121 860 1222 900; x_wconf 90' lang='lat' dir='ltr'>moi.</span> <span class='ocrx_word' id='word_1_131' title='bbox 1246 876 1265 896; x_wconf 89' lang='lat'>»</span> <span class='ocrx_word' id='word_1_132' title='bbox 1289 860 1426 900; x_wconf 80' lang='lat' dir='ltr'>&#39;Pelles</span> <span class='ocrx_word' id='word_1_133' title='bbox 1445 861 1604 901; x_wconf 79' lang='lat' dir='ltr'>etaient</span> <span class='ocrx_word' id='word_1_134' title='bbox 1624 875 1699 902; x_wconf 89' lang='lat' dir='ltr'>son</span> 
     </span>
     <span class='ocr_line' id='line_1_13' title="bbox 124 926 1694 982; baseline 0 -14"><span class='ocrx_word' id='word_1_135' title='bbox 124 929 278 982; x_wconf 78' lang='lat' dir='ltr'>equite,</span> <span class='ocrx_word' id='word_1_136' title='bbox 301 941 376 968; x_wconf 89' lang='lat' dir='ltr'>son</span> <span class='ocrx_word' id='word_1_137' title='bbox 395 928 589 968; x_wconf 80' lang='lat' dir='ltr'>humilite</span> <span class='ocrx_word' id='word_1_138' title='bbox 610 930 711 968; x_wconf 89' lang='grc'><strong>3113</strong></span> <span class='ocrx_word' id='word_1_139' title='bbox 743 927 920 967; x_wconf 76' lang='lat' dir='ltr'>securite</span> <span class='ocrx_word' id='word_1_140' title='bbox 953 926 1004 966; x_wconf 85' lang='grc'>(13</span> <span class='ocrx_word' id='word_1_141' title='bbox 1036 939 1080 965; x_wconf 87' lang='grc'>33</span> <span class='ocrx_word' id='word_1_142' title='bbox 1112 926 1364 965; x_wconf 87' lang='lat' dir='ltr'>conscience.</span> <span class='ocrx_word' id='word_1_143' title='bbox 1395 926 1694 975; x_wconf 78' lang='lat' dir='ltr'>Jesus-Christ,</span> 
     </span>
     <span class='ocr_line' id='line_1_14' title="bbox 125 991 1699 1045; baseline -0.001 -11"><span class='ocrx_word' id='word_1_144' title='bbox 125 994 494 1045; x_wconf 81' lang='lat' dir='ltr'>Notre-Seigneur,</span> <span class='ocrx_word' id='word_1_145' title='bbox 518 1005 587 1033; x_wconf 90' lang='lat' dir='ltr'>ose</span> <span class='ocrx_word' id='word_1_146' title='bbox 607 1005 650 1032; x_wconf 90' lang='grc'>33</span> <span class='ocrx_word' id='word_1_147' title='bbox 683 993 824 1041; x_wconf 89' lang='lat' dir='ltr'>livrer,</span> <span class='ocrx_word' id='word_1_148' title='bbox 849 991 1187 1031; x_wconf 89' lang='lat' dir='ltr'>non-seulement</span> <span class='ocrx_word' id='word_1_149' title='bbox 1216 1003 1272 1030; x_wconf 84' lang='lat' dir='ltr'>au</span> <span class='ocrx_word' id='word_1_150' title='bbox 1297 991 1519 1043; x_wconf 82' lang='lat' dir='ltr'>jugement</span> <span class='ocrx_word' id='word_1_151' title='bbox 1551 992 1602 1032; x_wconf 89' lang='grc'>(13</span> <span class='ocrx_word' id='word_1_152' title='bbox 1633 1005 1699 1034; x_wconf 87' lang='grc'>333</span> 
     </span>
     <span class='ocr_line' id='line_1_15' title="bbox 123 1056 1699 1107; baseline -0.001 -8"><span class='ocrx_word' id='word_1_153' title='bbox 123 1059 363 1107; x_wconf 64' lang='grc'><strong>3311313313,</strong></span> <span class='ocrx_word' id='word_1_154' title='bbox 380 1059 486 1097; x_wconf 82' lang='lat' dir='ltr'>mais</span> <span class='ocrx_word' id='word_1_155' title='bbox 506 1069 657 1098; x_wconf 86' lang='lat' dir='ltr'>encore</span> <span class='ocrx_word' id='word_1_156' title='bbox 675 1060 699 1097; x_wconf 76' lang='grc' dir='ltr'>ἐι</span> <span class='ocrx_word' id='word_1_157' title='bbox 720 1057 827 1097; x_wconf 88' lang='grc'><strong>33131</strong></span> <span class='ocrx_word' id='word_1_158' title='bbox 846 1057 897 1096; x_wconf 91' lang='grc'>(13</span> <span class='ocrx_word' id='word_1_159' title='bbox 916 1068 980 1097; x_wconf 84' lang='grc'>333</span> <span class='ocrx_word' id='word_1_160' title='bbox 999 1056 1188 1096; x_wconf 85' lang='lat' dir='ltr'>ennemis</span> <span class='ocrx_word' id='word_1_161' title='bbox 1222 1060 1264 1095; x_wconf 89' lang='lat' dir='ltr'>et</span> <span class='ocrx_word' id='word_1_162' title='bbox 1292 1056 1343 1096; x_wconf 85' lang='lat' dir='ltr'>de</span> <span class='ocrx_word' id='word_1_163' title='bbox 1375 1069 1439 1096; x_wconf 86' lang='lat' dir='ltr'>scs</span> <span class='ocrx_word' id='word_1_164' title='bbox 1474 1057 1699 1098; x_wconf 87' lang='lat' dir='ltr'>serviteurs</span> 
     </span>
     <span class='ocr_line' id='line_1_16' title="bbox 123 1121 1695 1175; baseline -0.001 -11"><span class='ocrx_word' id='word_1_165' title='bbox 123 1123 325 1171; x_wconf 80' lang='lat' dir='ltr'>infideles,</span> <span class='ocrx_word' id='word_1_166' title='bbox 349 1123 453 1163; x_wconf 83' lang='lat' dir='ltr'>dans</span> <span class='ocrx_word' id='word_1_167' title='bbox 472 1123 564 1163; x_wconf 91' lang='lat' dir='ltr'>leur</span> <span class='ocrx_word' id='word_1_168' title='bbox 583 1122 874 1175; x_wconf 83' lang='lat' dir='ltr'>clairvoyanee</span> <span class='ocrx_word' id='word_1_169' title='bbox 895 1125 936 1161; x_wconf 88' lang='lat' dir='ltr'>et</span> <span class='ocrx_word' id='word_1_170' title='bbox 956 1122 1061 1161; x_wconf 88' lang='grc'><strong>(1333</strong></span> <span class='ocrx_word' id='word_1_171' title='bbox 1080 1121 1172 1161; x_wconf 87' lang='grc'><strong>1331·</strong></span> <span class='ocrx_word' id='word_1_172' title='bbox 1192 1121 1482 1162; x_wconf 84' lang='lat' dir='ltr'>malveillance</span> <span class='ocrx_word' id='word_1_173' title='bbox 1519 1121 1568 1161; x_wconf 89' lang='lat' dir='ltr'>ils</span> <span class='ocrx_word' id='word_1_174' title='bbox 1587 1123 1695 1175; x_wconf 86' lang='lat' dir='ltr'>s&#39;ap-</span> 
     </span>
     <span class='ocr_line' id='line_1_17' title="bbox 124 1186 1699 1242; baseline 0 -14"><span class='ocrx_word' id='word_1_175' title='bbox 124 1188 359 1242; x_wconf 84' lang='lat' dir='ltr'>pliquaient</span> <span class='ocrx_word' id='word_1_176' title='bbox 379 1190 403 1227; x_wconf 73' lang='lat' dir='ltr'>a</span> <span class='ocrx_word' id='word_1_177' title='bbox 423 1192 592 1228; x_wconf 85' lang='lat' dir='ltr'>trouver</span> <span class='ocrx_word' id='word_1_178' title='bbox 612 1200 664 1227; x_wconf 90' lang='lat' dir='ltr'>en</span> <span class='ocrx_word' id='word_1_179' title='bbox 685 1187 746 1226; x_wconf 94' lang='lat' dir='ltr'>lui</span> <span class='ocrx_word' id='word_1_180' title='bbox 766 1187 806 1226; x_wconf 88' lang='grc'>13</span> <span class='ocrx_word' id='word_1_181' title='bbox 827 1187 922 1239; x_wconf 90' lang='lat' dir='ltr'>plus</span> <span class='ocrx_word' id='word_1_182' title='bbox 941 1186 1071 1239; x_wconf 87' lang='lat' dir='ltr'>petite</span> <span class='ocrx_word' id='word_1_183' title='bbox 1091 1186 1226 1235; x_wconf 86' lang='lat' dir='ltr'>tache,</span> <span class='ocrx_word' id='word_1_184' title='bbox 1258 1186 1343 1226; x_wconf 80' lang='grc'><strong>3113</strong></span> <span class='ocrx_word' id='word_1_185' title='bbox 1374 1187 1425 1226; x_wconf 89' lang='grc'>(13</span> <span class='ocrx_word' id='word_1_186' title='bbox 1460 1187 1639 1239; x_wconf 87' lang='lat' dir='ltr'>pouvoir</span> <span class='ocrx_word' id='word_1_187' title='bbox 1658 1187 1699 1228; x_wconf 90' lang='lat' dir='ltr'>le</span> 
     </span>
     <span class='ocr_line' id='line_1_18' title="bbox 125 1252 1696 1305; baseline -0.001 -11"><span class='ocrx_word' id='word_1_188' title='bbox 125 1254 252 1294; x_wconf 84' lang='lat' dir='ltr'>livrer</span> <span class='ocrx_word' id='word_1_189' title='bbox 283 1265 338 1292; x_wconf 90' lang='grc'>33</span> <span class='ocrx_word' id='word_1_190' title='bbox 370 1253 525 1305; x_wconf 78' lang='lat' dir='ltr'>mepris</span> <span class='ocrx_word' id='word_1_191' title='bbox 547 1253 596 1292; x_wconf 93' lang='lat' dir='ltr'>de</span> <span class='ocrx_word' id='word_1_192' title='bbox 617 1252 658 1292; x_wconf 87' lang='grc'>13</span> <span class='ocrx_word' id='word_1_193' title='bbox 678 1252 920 1292; x_wconf 86' lang='lat' dir='ltr'>multitude.</span> <span class='ocrx_word' id='word_1_194' title='bbox 942 1252 975 1292; x_wconf 94' lang='lat' dir='ltr'>ll</span> <span class='ocrx_word' id='word_1_195' title='bbox 997 1255 1113 1291; x_wconf 88' lang='lat' dir='ltr'>entre</span> <span class='ocrx_word' id='word_1_196' title='bbox 1133 1263 1185 1290; x_wconf 89' lang='lat' dir='ltr'>en</span> <span class='ocrx_word' id='word_1_197' title='bbox 1203 1252 1430 1303; x_wconf 84' lang='lat' dir='ltr'>jugement</span> <span class='ocrx_word' id='word_1_198' title='bbox 1462 1264 1561 1292; x_wconf 86' lang='lat' dir='ltr'>avec</span> <span class='ocrx_word' id='word_1_199' title='bbox 1580 1264 1664 1292; x_wconf 81' lang='lat' dir='ltr'>eux</span> <span class='ocrx_word' id='word_1_200' title='bbox 1686 1263 1696 1292; x_wconf 76' lang='lat' dir='ltr'>t</span> 
     </span>
     <span class='ocr_line' id='line_1_19' title="bbox 133 1316 1700 1370; baseline 0 -12"><span class='ocrx_word' id='word_1_201' title='bbox 133 1332 154 1358; x_wconf 77' lang='grc' dir='ltr'>α</span> <span class='ocrx_word' id='word_1_202' title='bbox 174 1318 254 1366; x_wconf 87' lang='lat' dir='ltr'>Qui</span> <span class='ocrx_word' id='word_1_203' title='bbox 274 1318 325 1358; x_wconf 89' lang='lat' dir='ltr'>de</span> <span class='ocrx_word' id='word_1_204' title='bbox 344 1330 447 1357; x_wconf 91' lang='lat' dir='ltr'>vous</span> <span class='ocrx_word' id='word_1_205' title='bbox 468 1330 534 1358; x_wconf 91' lang='lat' dir='ltr'>me</span> <span class='ocrx_word' id='word_1_206' title='bbox 553 1317 803 1357; x_wconf 81' lang='lat' dir='ltr'>convainera</span> <span class='ocrx_word' id='word_1_207' title='bbox 829 1316 1008 1356; x_wconf 87' lang='lat' dir='ltr'>d’aueun</span> <span class='ocrx_word' id='word_1_208' title='bbox 1042 1316 1201 1370; x_wconf 56' lang='lat' dir='ltr'>peche?</span> <span class='ocrx_word' id='word_1_209' title='bbox 1224 1331 1242 1354; x_wconf 89' lang='lat'>»</span> <span class='ocrx_word' id='word_1_210' title='bbox 1281 1317 1372 1356; x_wconf 90' lang='lat' dir='ltr'>leur</span> <span class='ocrx_word' id='word_1_211' title='bbox 1391 1316 1452 1356; x_wconf 90' lang='lat' dir='ltr'>dit</span> <span class='ocrx_word' id='word_1_212' title='bbox 1469 1316 1515 1367; x_wconf 89' lang='grc'>11,</span> <span class='ocrx_word' id='word_1_213' title='bbox 1537 1328 1700 1358; x_wconf 88' lang='lat' dir='ltr'>comme</span> 
     </span>
     <span class='ocr_line' id='line_1_20' title="bbox 126 1382 1702 1436; baseline -0.001 -12"><span class='ocrx_word' id='word_1_214' title='bbox 126 1396 234 1436; x_wconf 86' lang='lat' dir='ltr'>pour</span> <span class='ocrx_word' id='word_1_215' title='bbox 252 1383 343 1423; x_wconf 91' lang='lat' dir='ltr'>leur</span> <span class='ocrx_word' id='word_1_216' title='bbox 363 1383 451 1423; x_wconf 86' lang='lat' dir='ltr'>dire</span> <span class='ocrx_word' id='word_1_217' title='bbox 473 1396 482 1422; x_wconf 91' lang='lat'>:</span> <span class='ocrx_word' id='word_1_218' title='bbox 507 1384 621 1424; x_wconf 89' lang='lat' dir='ltr'>Vous</span> <span class='ocrx_word' id='word_1_219' title='bbox 639 1395 689 1422; x_wconf 89' lang='grc'>33</span> <span class='ocrx_word' id='word_1_220' title='bbox 709 1394 868 1435; x_wconf 91' lang='lat' dir='ltr'>pouvez</span> <span class='ocrx_word' id='word_1_221' title='bbox 889 1384 1085 1434; x_wconf 87' lang='lat' dir='ltr'>apporter</span> <span class='ocrx_word' id='word_1_222' title='bbox 1107 1394 1245 1421; x_wconf 87' lang='lat' dir='ltr'>aucun</span> <span class='ocrx_word' id='word_1_223' title='bbox 1265 1384 1455 1433; x_wconf 77' lang='lat' dir='ltr'>pretexte</span> <span class='ocrx_word' id='word_1_224' title='bbox 1477 1394 1530 1422; x_wconf 89' lang='lat' dir='ltr'>en</span> <span class='ocrx_word' id='word_1_225' title='bbox 1552 1382 1702 1423; x_wconf 79' lang='lat' dir='ltr'>faveur</span> 
     </span>
     <span class='ocr_line' id='line_1_21' title="bbox 127 1446 1698 1499; baseline -0.001 -11"><span class='ocrx_word' id='word_1_226' title='bbox 127 1449 179 1489; x_wconf 90' lang='grc'>(13</span> <span class='ocrx_word' id='word_1_227' title='bbox 198 1451 316 1488; x_wconf 87' lang='lat' dir='ltr'>votre</span> <span class='ocrx_word' id='word_1_228' title='bbox 337 1448 601 1488; x_wconf 79' lang='lat' dir='ltr'>incredulite.</span> <span class='ocrx_word' id='word_1_229' title='bbox 624 1448 702 1488; x_wconf 78' lang='lat' dir='ltr'>Car</span> <span class='ocrx_word' id='word_1_230' title='bbox 735 1459 805 1487; x_wconf 84' lang='lat' dir='ltr'>ma</span> <span class='ocrx_word' id='word_1_231' title='bbox 836 1446 902 1486; x_wconf 90' lang='lat' dir='ltr'>vie</span> <span class='ocrx_word' id='word_1_232' title='bbox 936 1449 999 1486; x_wconf 87' lang='lat' dir='ltr'>est</span> <span class='ocrx_word' id='word_1_233' title='bbox 1032 1446 1083 1486; x_wconf 91' lang='grc'>(13</span> <span class='ocrx_word' id='word_1_234' title='bbox 1114 1449 1208 1486; x_wconf 87' lang='grc'><strong>1031</strong></span> <span class='ocrx_word' id='word_1_235' title='bbox 1228 1447 1347 1498; x_wconf 90' lang='lat' dir='ltr'>point</span> <span class='ocrx_word' id='word_1_236' title='bbox 1373 1446 1698 1499; x_wconf 71' lang='lat' dir='ltr'>irreproehable,</span> 
     </span>
     <span class='ocr_line' id='line_1_22' title="bbox 126 1512 1701 1565; baseline -0.003 -11"><span class='ocrx_word' id='word_1_237' title='bbox 126 1516 322 1565; x_wconf 80' lang='lat' dir='ltr'>exempte</span> <span class='ocrx_word' id='word_1_238' title='bbox 353 1513 404 1552; x_wconf 86' lang='lat' dir='ltr'>de</span> <span class='ocrx_word' id='word_1_239' title='bbox 437 1517 552 1552; x_wconf 89' lang='lat' dir='ltr'>toute</span> <span class='ocrx_word' id='word_1_240' title='bbox 586 1513 722 1561; x_wconf 88' lang='grc'><strong>133113,</strong></span> <span class='ocrx_word' id='word_1_241' title='bbox 745 1512 910 1563; x_wconf 80' lang='lat' dir='ltr'>malgre</span> <span class='ocrx_word' id='word_1_242' title='bbox 942 1514 1035 1551; x_wconf 85' lang='lat' dir='ltr'>tout</span> <span class='ocrx_word' id='word_1_243' title='bbox 1065 1523 1110 1551; x_wconf 88' lang='lat' dir='ltr'>ce</span> <span class='ocrx_word' id='word_1_244' title='bbox 1140 1524 1222 1563; x_wconf 89' lang='lat' dir='ltr'>que</span> <span class='ocrx_word' id='word_1_245' title='bbox 1251 1523 1354 1550; x_wconf 88' lang='lat' dir='ltr'>vous</span> <span class='ocrx_word' id='word_1_246' title='bbox 1385 1523 1484 1551; x_wconf 85' lang='lat' dir='ltr'>avez</span> <span class='ocrx_word' id='word_1_247' title='bbox 1511 1512 1701 1564; x_wconf 75' lang='lat' dir='ltr'>repandu</span> 
     </span>
     <span class='ocr_line' id='line_1_23' title="bbox 126 1575 1701 1629; baseline -0.001 -11"><span class='ocrx_word' id='word_1_248' title='bbox 126 1583 270 1619; x_wconf 86' lang='lat' dir='ltr'>contre</span> <span class='ocrx_word' id='word_1_249' title='bbox 290 1577 375 1617; x_wconf 92' lang='lat' dir='ltr'>moi</span> <span class='ocrx_word' id='word_1_250' title='bbox 406 1578 543 1629; x_wconf 88' lang='lat' dir='ltr'>parmi</span> <span class='ocrx_word' id='word_1_251' title='bbox 578 1577 616 1616; x_wconf 93' lang='grc'>13</span> <span class='ocrx_word' id='word_1_252' title='bbox 646 1577 796 1629; x_wconf 90' lang='lat' dir='ltr'>peuple</span> <span class='ocrx_word' id='word_1_253' title='bbox 829 1588 900 1615; x_wconf 91' lang='lat' dir='ltr'>sur</span> <span class='ocrx_word' id='word_1_254' title='bbox 928 1576 968 1615; x_wconf 90' lang='grc'>13</span> <span class='ocrx_word' id='word_1_255' title='bbox 995 1575 1198 1615; x_wconf 88' lang='lat' dir='ltr'>violation</span> <span class='ocrx_word' id='word_1_256' title='bbox 1230 1575 1286 1614; x_wconf 89' lang='grc'>(13</span> <span class='ocrx_word' id='word_1_257' title='bbox 1318 1575 1480 1622; x_wconf 77' lang='lat' dir='ltr'>sabbat,</span> <span class='ocrx_word' id='word_1_258' title='bbox 1502 1588 1574 1616; x_wconf 90' lang='lat' dir='ltr'>sur</span> <span class='ocrx_word' id='word_1_259' title='bbox 1599 1588 1701 1616; x_wconf 91' lang='lat' dir='ltr'>mon</span> 
     </span>
     <span class='ocr_line' id='line_1_24' title="bbox 126 1641 1700 1695; baseline -0.001 -11"><span class='ocrx_word' id='word_1_260' title='bbox 126 1643 271 1684; x_wconf 75' lang='grc'><strong>3311113</strong></span> <span class='ocrx_word' id='word_1_261' title='bbox 285 1654 386 1682; x_wconf 88' lang='lat' dir='ltr'>avec</span> <span class='ocrx_word' id='word_1_262' title='bbox 405 1642 464 1682; x_wconf 85' lang='lat' dir='ltr'>les</span> <span class='ocrx_word' id='word_1_263' title='bbox 482 1641 731 1695; x_wconf 66' lang='grc'><strong>3331133133,</strong></span> <span class='ocrx_word' id='word_1_264' title='bbox 748 1653 818 1680; x_wconf 92' lang='lat' dir='ltr'>snr</span> <span class='ocrx_word' id='word_1_265' title='bbox 833 1642 870 1681; x_wconf 93' lang='lat' dir='ltr'>le</span> <span class='ocrx_word' id='word_1_266' title='bbox 886 1641 955 1680; x_wconf 90' lang='lat' dir='ltr'>vin</span> <span class='ocrx_word' id='word_1_267' title='bbox 971 1653 1052 1693; x_wconf 86' lang='lat' dir='ltr'>que</span> <span class='ocrx_word' id='word_1_268' title='bbox 1068 1641 1112 1692; x_wconf 91' lang='lat' dir='ltr'>je</span> <span class='ocrx_word' id='word_1_269' title='bbox 1127 1641 1232 1690; x_wconf 83' lang='lat' dir='ltr'>bois,</span> <span class='ocrx_word' id='word_1_270' title='bbox 1250 1652 1319 1680; x_wconf 83' lang='lat' dir='ltr'>car</span> <span class='ocrx_word' id='word_1_271' title='bbox 1335 1641 1362 1679; x_wconf 93' lang='lat' dir='ltr'>il</span> <span class='ocrx_word' id='word_1_272' title='bbox 1380 1654 1405 1680; x_wconf 88' lang='grc'>3</span> <span class='ocrx_word' id='word_1_273' title='bbox 1420 1643 1484 1681; x_wconf 79' lang='lat' dir='ltr'>ete</span> <span class='ocrx_word' id='word_1_274' title='bbox 1499 1641 1602 1681; x_wconf 86' lang='lat' dir='ltr'>elair</span> <span class='ocrx_word' id='word_1_275' title='bbox 1617 1653 1700 1694; x_wconf 88' lang='lat' dir='ltr'>que</span> 
     </span>
     <span class='ocr_line' id='line_1_25' title="bbox 126 1706 1697 1759; baseline -0.002 -10"><span class='ocrx_word' id='word_1_276' title='bbox 126 1711 264 1750; x_wconf 86' lang='lat' dir='ltr'>tontes</span> <span class='ocrx_word' id='word_1_277' title='bbox 282 1719 349 1748; x_wconf 87' lang='grc'>333</span> <span class='ocrx_word' id='word_1_278' title='bbox 368 1707 594 1747; x_wconf 84' lang='lat' dir='ltr'>calomnies</span> <span class='ocrx_word' id='word_1_279' title='bbox 615 1706 887 1759; x_wconf 85' lang='lat' dir='ltr'>provenaieut</span> <span class='ocrx_word' id='word_1_280' title='bbox 906 1706 1138 1746; x_wconf 85' lang='lat' dir='ltr'>d&#39;hommes</span> <span class='ocrx_word' id='word_1_281' title='bbox 1158 1706 1342 1745; x_wconf 81' lang='lat' dir='ltr'>tres-mal</span> <span class='ocrx_word' id='word_1_282' title='bbox 1364 1706 1562 1758; x_wconf 78' lang='lat' dir='ltr'>disposeS,</span> <span class='ocrx_word' id='word_1_283' title='bbox 1581 1706 1697 1759; x_wconf 85' lang='lat' dir='ltr'>puis-</span> 
     </span>
     <span class='ocr_line' id='line_1_26' title="bbox 129 1770 1702 1826; baseline -0.002 -13"><span class='ocrx_word' id='word_1_284' title='bbox 129 1785 210 1826; x_wconf 83' lang='lat' dir='ltr'>que</span> <span class='ocrx_word' id='word_1_285' title='bbox 232 1785 334 1813; x_wconf 90' lang='lat' dir='ltr'>vous</span> <span class='ocrx_word' id='word_1_286' title='bbox 353 1773 495 1812; x_wconf 87' lang='lat' dir='ltr'>n’avez</span> <span class='ocrx_word' id='word_1_287' title='bbox 510 1772 663 1824; x_wconf 81' lang='lat' dir='ltr'>jamais</span> <span class='ocrx_word' id='word_1_288' title='bbox 682 1784 739 1824; x_wconf 90' lang='lat' dir='ltr'>pu</span> <span class='ocrx_word' id='word_1_289' title='bbox 759 1783 827 1811; x_wconf 88' lang='lat' dir='ltr'>me</span> <span class='ocrx_word' id='word_1_290' title='bbox 847 1771 1097 1811; x_wconf 86' lang='lat' dir='ltr'>convaincre</span> <span class='ocrx_word' id='word_1_291' title='bbox 1118 1770 1180 1810; x_wconf 81' lang='lat' dir='ltr'>d&#39;a</span> <span class='ocrx_word' id='word_1_292' title='bbox 1189 1783 1323 1810; x_wconf 89' lang='grc'><strong>33333</strong></span> <span class='ocrx_word' id='word_1_293' title='bbox 1343 1771 1474 1811; x_wconf 84' lang='lat' dir='ltr'>faute.</span> <span class='ocrx_word' id='word_1_294' title='bbox 1492 1772 1545 1811; x_wconf 87' lang='lat' dir='ltr'>Et</span> <span class='ocrx_word' id='word_1_295' title='bbox 1563 1772 1702 1811; x_wconf 77' lang='lat' dir='ltr'>meme</span> 
     </span>
     <span class='ocr_line' id='line_1_27' title="bbox 129 1835 1703 1888; baseline -0.001 -10"><span class='ocrx_word' id='word_1_296' title='bbox 129 1841 235 1878; x_wconf 87' lang='lat' dir='ltr'>cette</span> <span class='ocrx_word' id='word_1_297' title='bbox 256 1837 443 1877; x_wconf 87' lang='lat' dir='ltr'>doctrine</span> <span class='ocrx_word' id='word_1_298' title='bbox 462 1849 487 1876; x_wconf 88' lang='lat' dir='ltr'>a</span> <span class='ocrx_word' id='word_1_299' title='bbox 507 1837 698 1888; x_wconf 84' lang='lat' dir='ltr'>toujours</span> <span class='ocrx_word' id='word_1_300' title='bbox 718 1838 783 1876; x_wconf 80' lang='grc'>313</span> <span class='ocrx_word' id='word_1_301' title='bbox 804 1835 1154 1888; x_wconf 76' lang='lat' dir='ltr'>irreprehensible</span> <span class='ocrx_word' id='word_1_302' title='bbox 1174 1838 1216 1875; x_wconf 92' lang='lat' dir='ltr'>et</span> <span class='ocrx_word' id='word_1_303' title='bbox 1237 1835 1307 1875; x_wconf 87' lang='lat' dir='ltr'>n&#39;a</span> <span class='ocrx_word' id='word_1_304' title='bbox 1325 1847 1381 1887; x_wconf 90' lang='lat' dir='ltr'>pu</span> <span class='ocrx_word' id='word_1_305' title='bbox 1415 1838 1502 1876; x_wconf 79' lang='lat' dir='ltr'>etre</span> <span class='ocrx_word' id='word_1_306' title='bbox 1534 1839 1703 1877; x_wconf 78' lang='grc'><strong>3333333</strong></span> 
     </span>
    </p>
   </div>
   <div class='ocr_carea' id='block_1_3' title="bbox 618 133 1202 166">
    <p class='ocr_par' dir='ltr' id='par_1_3' title="bbox 618 133 1202 166">
     <span class='ocr_line' id='line_1_28' title="bbox 618 133 1202 166; baseline -0.007 0"><span class='ocrx_word' id='word_1_307' title='bbox 618 134 831 166; x_wconf 63' lang='lat' dir='ltr'>manneus</span> <span class='ocrx_word' id='word_1_308' title='bbox 860 134 912 162; x_wconf 74' lang='lat' dir='ltr'>Du</span> <span class='ocrx_word' id='word_1_309' title='bbox 941 134 987 162; x_wconf 72' lang='lat' dir='ltr'>LA</span> <span class='ocrx_word' id='word_1_310' title='bbox 1020 133 1202 164; x_wconf 73' lang='lat' dir='ltr'>PASSION.</span> 
     </span>
    </p>
   </div>
   <div class='ocr_carea' id='block_1_4' title="bbox 131 1989 901 2990">
    <p class='ocr_par' dir='ltr' id='par_1_4' title="bbox 131 1989 901 2990">
     <span class='ocr_line' id='line_1_29' title="bbox 131 1989 898 2036; baseline -0.004 -9"><span class='ocrx_word' id='word_1_311' title='bbox 131 1993 267 2035; x_wconf 77' lang='lat' dir='ltr'>facere,</span> <span class='ocrx_word' id='word_1_312' title='bbox 290 2001 372 2036; x_wconf 58' lang='lat' dir='ltr'>quas</span> <span class='ocrx_word' id='word_1_313' title='bbox 395 1990 444 2026; x_wconf 86' lang='lat' dir='ltr'>ita</span> <span class='ocrx_word' id='word_1_314' title='bbox 473 2000 587 2036; x_wconf 89' lang='lat' dir='ltr'>opera</span> <span class='ocrx_word' id='word_1_315' title='bbox 620 2000 687 2026; x_wconf 90' lang='lat' dir='ltr'>sua</span> <span class='ocrx_word' id='word_1_316' title='bbox 720 1989 898 2026; x_wconf 86' lang='lat' dir='ltr'>omnibus</span> 
     </span>
     <span class='ocr_line' id='line_1_30' title="bbox 131 2038 897 2083; baseline -0.004 -8"><span class='ocrx_word' id='word_1_317' title='bbox 131 2038 356 2082; x_wconf 81' lang='lat' dir='ltr'>manifestat,</span> <span class='ocrx_word' id='word_1_318' title='bbox 382 2042 422 2073; x_wconf 91' lang='lat' dir='ltr'>ut</span> <span class='ocrx_word' id='word_1_319' title='bbox 453 2039 567 2074; x_wconf 86' lang='lat' dir='ltr'>etiam</span> <span class='ocrx_word' id='word_1_320' title='bbox 601 2038 796 2073; x_wconf 79' lang='lat' dir='ltr'>malevolis</span> <span class='ocrx_word' id='word_1_321' title='bbox 831 2048 897 2083; x_wconf 88' lang='lat' dir='ltr'>pa-</span> 
     </span>
     <span class='ocr_line' id='line_1_31' title="bbox 132 2084 899 2131; baseline -0.004 -9"><span class='ocrx_word' id='word_1_322' title='bbox 132 2091 249 2129; x_wconf 85' lang='lat' dir='ltr'>teant,</span> <span class='ocrx_word' id='word_1_323' title='bbox 280 2095 350 2121; x_wconf 87' lang='lat' dir='ltr'>nec</span> <span class='ocrx_word' id='word_1_324' title='bbox 384 2085 491 2121; x_wconf 87' lang='lat' dir='ltr'>timet</span> <span class='ocrx_word' id='word_1_325' title='bbox 523 2086 739 2131; x_wconf 82' lang='lat' dir='ltr'>quampiam</span> <span class='ocrx_word' id='word_1_326' title='bbox 762 2084 899 2120; x_wconf 87' lang='lat' dir='ltr'>inillis</span> 
     </span>
     <span class='ocr_line' id='line_1_32' title="bbox 131 2132 897 2180; baseline -0.003 -11"><span class='ocrx_word' id='word_1_327' title='bbox 131 2133 289 2180; x_wconf 88' lang='lat' dir='ltr'>reperiri</span> <span class='ocrx_word' id='word_1_328' title='bbox 311 2133 499 2168; x_wconf 81' lang='lat' dir='ltr'>maculam</span> <span class='ocrx_word' id='word_1_329' title='bbox 522 2143 530 2168; x_wconf 90' lang='lat'>:</span> <span class='ocrx_word' id='word_1_330' title='bbox 551 2146 564 2164; x_wconf 90' lang='lat'>«</span> <span class='ocrx_word' id='word_1_331' title='bbox 589 2133 659 2176; x_wconf 82' lang='lat' dir='ltr'>Qut</span> <span class='ocrx_word' id='word_1_332' title='bbox 692 2132 790 2168; x_wconf 89' lang='lat' dir='ltr'>male</span> <span class='ocrx_word' id='word_1_333' title='bbox 808 2132 897 2177; x_wconf 77' lang='lat' dir='ltr'>agit,</span> 
     </span>
     <span class='ocr_line' id='line_1_33' title="bbox 131 2180 898 2223; baseline -0.003 -6"><span class='ocrx_word' id='word_1_334' title='bbox 131 2181 211 2218; x_wconf 90' lang='lat' dir='ltr'>odit</span> <span class='ocrx_word' id='word_1_335' title='bbox 247 2181 385 2223; x_wconf 88' lang='lat' dir='ltr'>lucem,</span> <span class='ocrx_word' id='word_1_336' title='bbox 405 2185 441 2216; x_wconf 85' lang='lat' dir='ltr'>et</span> <span class='ocrx_word' id='word_1_337' title='bbox 473 2191 550 2216; x_wconf 89' lang='lat' dir='ltr'>non</span> <span class='ocrx_word' id='word_1_338' title='bbox 572 2180 674 2216; x_wconf 87' lang='lat' dir='ltr'>venit</span> <span class='ocrx_word' id='word_1_339' title='bbox 692 2180 738 2216; x_wconf 85' lang='lat' dir='ltr'>ad</span> <span class='ocrx_word' id='word_1_340' title='bbox 760 2180 898 2221; x_wconf 87' lang='lat' dir='ltr'>lucem,</span> 
     </span>
     <span class='ocr_line' id='line_1_34' title="bbox 133 2227 898 2273; baseline -0.003 -9"><span class='ocrx_word' id='word_1_341' title='bbox 133 2232 174 2264; x_wconf 91' lang='lat' dir='ltr'>ut</span> <span class='ocrx_word' id='word_1_342' title='bbox 204 2238 283 2264; x_wconf 91' lang='lat' dir='ltr'>non</span> <span class='ocrx_word' id='word_1_343' title='bbox 319 2232 524 2273; x_wconf 78' lang='lat' dir='ltr'>arguantur</span> <span class='ocrx_word' id='word_1_344' title='bbox 562 2238 676 2273; x_wconf 83' lang='lat' dir='ltr'>opera</span> <span class='ocrx_word' id='word_1_345' title='bbox 703 2227 811 2273; x_wconf 88' lang='lat' dir='ltr'>ejus:</span> <span class='ocrx_word' id='word_1_346' title='bbox 835 2227 898 2272; x_wconf 86' lang='lat' dir='ltr'>qui</span> 
     </span>
     <span class='ocr_line' id='line_1_35' title="bbox 132 2274 900 2318; baseline -0.003 -6"><span class='ocrx_word' id='word_1_347' title='bbox 132 2280 259 2312; x_wconf 85' lang='lat' dir='ltr'>autem</span> <span class='ocrx_word' id='word_1_348' title='bbox 289 2275 376 2311; x_wconf 81' lang='lat' dir='ltr'>facit</span> <span class='ocrx_word' id='word_1_349' title='bbox 398 2275 605 2318; x_wconf 86' lang='lat' dir='ltr'>veritatem,</span> <span class='ocrx_word' id='word_1_350' title='bbox 628 2275 728 2310; x_wconf 84' lang='lat' dir='ltr'>venit</span> <span class='ocrx_word' id='word_1_351' title='bbox 759 2275 803 2311; x_wconf 90' lang='lat' dir='ltr'>ad</span> <span class='ocrx_word' id='word_1_352' title='bbox 839 2274 900 2310; x_wconf 93' lang='lat' dir='ltr'>lu-</span> 
     </span>
     <span class='ocr_line' id='line_1_36' title="bbox 133 2322 895 2369; baseline -0.003 -9"><span class='ocrx_word' id='word_1_353' title='bbox 133 2333 231 2369; x_wconf 87' lang='lat' dir='ltr'>cem,</span> <span class='ocrx_word' id='word_1_354' title='bbox 254 2329 291 2359; x_wconf 85' lang='lat' dir='ltr'>ut</span> <span class='ocrx_word' id='word_1_355' title='bbox 319 2323 605 2359; x_wconf 74' lang='lat' dir='ltr'>manifestentur</span> <span class='ocrx_word' id='word_1_356' title='bbox 632 2333 746 2368; x_wconf 84' lang='lat' dir='ltr'>opera</span> <span class='ocrx_word' id='word_1_357' title='bbox 765 2322 858 2368; x_wconf 86' lang='lat' dir='ltr'>ejus.</span> <span class='ocrx_word' id='word_1_358' title='bbox 882 2336 895 2354; x_wconf 80' lang='lat'><strong>»</strong></span> 
     </span>
     <span class='ocr_line' id='line_1_37' title="bbox 134 2369 900 2409; baseline -0.003 -2"><span class='ocrx_word' id='word_1_359' title='bbox 134 2370 323 2409; x_wconf 84' lang='lat' dir='ltr'>Nimirum</span> <span class='ocrx_word' id='word_1_360' title='bbox 354 2370 546 2406; x_wconf 82' lang='lat' dir='ltr'>distinctio</span> <span class='ocrx_word' id='word_1_361' title='bbox 579 2370 689 2406; x_wconf 66' lang='lat' dir='ltr'>malie</span> <span class='ocrx_word' id='word_1_362' title='bbox 724 2374 759 2405; x_wconf 88' lang='lat' dir='ltr'>et</span> <span class='ocrx_word' id='word_1_363' title='bbox 792 2369 900 2406; x_wconf 83' lang='lat' dir='ltr'>bonae</span> 
     </span>
     <span class='ocr_line' id='line_1_38' title="bbox 133 2417 898 2464; baseline -0.003 -9"><span class='ocrx_word' id='word_1_364' title='bbox 133 2418 379 2455; x_wconf 76' lang='lat' dir='ltr'>conscicntiae</span> <span class='ocrx_word' id='word_1_365' title='bbox 400 2419 468 2453; x_wconf 87' lang='lat' dir='ltr'>ista</span> <span class='ocrx_word' id='word_1_366' title='bbox 497 2422 565 2460; x_wconf 84' lang='lat' dir='ltr'>est,</span> <span class='ocrx_word' id='word_1_367' title='bbox 588 2417 687 2464; x_wconf 87' lang='lat' dir='ltr'>qued</span> <span class='ocrx_word' id='word_1_368' title='bbox 708 2417 788 2453; x_wconf 84' lang='lat' dir='ltr'>haec</span> <span class='ocrx_word' id='word_1_369' title='bbox 809 2417 898 2453; x_wconf 88' lang='lat' dir='ltr'>nul-</span> 
     </span>
     <span class='ocr_line' id='line_1_39' title="bbox 135 2464 899 2508; baseline -0.001 -7"><span class='ocrx_word' id='word_1_370' title='bbox 135 2466 258 2502; x_wconf 83' lang='lat' dir='ltr'>lorum</span> <span class='ocrx_word' id='word_1_371' title='bbox 299 2465 428 2501; x_wconf 88' lang='lat' dir='ltr'>oeulos</span> <span class='ocrx_word' id='word_1_372' title='bbox 468 2464 587 2508; x_wconf 86' lang='lat' dir='ltr'>timet,</span> <span class='ocrx_word' id='word_1_373' title='bbox 627 2464 691 2500; x_wconf 92' lang='lat' dir='ltr'>illa</span> <span class='ocrx_word' id='word_1_374' title='bbox 728 2465 899 2501; x_wconf 90' lang='lat' dir='ltr'>omnium</span> 
     </span>
     <span class='ocr_line' id='line_1_40' title="bbox 134 2511 900 2549; baseline -0.001 0"><span class='ocrx_word' id='word_1_375' title='bbox 134 2513 254 2549; x_wconf 87' lang='lat' dir='ltr'>timet.</span> <span class='ocrx_word' id='word_1_376' title='bbox 291 2513 451 2549; x_wconf 85' lang='lat' dir='ltr'>Sanctus</span> <span class='ocrx_word' id='word_1_377' title='bbox 488 2512 557 2548; x_wconf 85' lang='lat' dir='ltr'>Job</span> <span class='ocrx_word' id='word_1_378' title='bbox 596 2522 672 2548; x_wconf 87' lang='lat' dir='ltr'>suae</span> <span class='ocrx_word' id='word_1_379' title='bbox 704 2511 900 2548; x_wconf 84' lang='lat' dir='ltr'>conlidens</span> 
     </span>
     <span class='ocr_line' id='line_1_41' title="bbox 134 2559 899 2606; baseline -0.001 -9"><span class='ocrx_word' id='word_1_380' title='bbox 134 2560 379 2597; x_wconf 69' lang='lat' dir='ltr'>eonscientiae</span> <span class='ocrx_word' id='word_1_381' title='bbox 399 2559 490 2596; x_wconf 88' lang='lat' dir='ltr'>dicit</span> <span class='ocrx_word' id='word_1_382' title='bbox 513 2570 521 2595; x_wconf 90' lang='lat'><strong>:</strong></span> <span class='ocrx_word' id='word_1_383' title='bbox 544 2572 558 2590; x_wconf 71' lang='grc' dir='ltr'>«ι</span> <span class='ocrx_word' id='word_1_384' title='bbox 583 2559 666 2597; x_wconf 87' lang='lat' dir='ltr'>Non</span> <span class='ocrx_word' id='word_1_385' title='bbox 690 2561 899 2606; x_wconf 81' lang='lat' dir='ltr'>contempsi</span> 
     </span>
     <span class='ocr_line' id='line_1_42' title="bbox 133 2607 898 2653; baseline -0.001 -9"><span class='ocrx_word' id='word_1_386' title='bbox 133 2607 262 2644; x_wconf 85' lang='lat' dir='ltr'>subire</span> <span class='ocrx_word' id='word_1_387' title='bbox 279 2607 467 2653; x_wconf 81' lang='lat' dir='ltr'>judicium</span> <span class='ocrx_word' id='word_1_388' title='bbox 487 2617 573 2642; x_wconf 89' lang='lat' dir='ltr'>eum</span> <span class='ocrx_word' id='word_1_389' title='bbox 605 2617 710 2643; x_wconf 87' lang='lat' dir='ltr'>servo</span> <span class='ocrx_word' id='word_1_390' title='bbox 742 2617 841 2651; x_wconf 91' lang='lat' dir='ltr'>meo,</span> <span class='ocrx_word' id='word_1_391' title='bbox 864 2613 898 2643; x_wconf 89' lang='lat' dir='ltr'>et</span> 
     </span>
     <span class='ocr_line' id='line_1_43' title="bbox 135 2654 897 2701; baseline -0.001 -10"><span class='ocrx_word' id='word_1_392' title='bbox 135 2665 222 2691; x_wconf 89' lang='lat' dir='ltr'>cum</span> <span class='ocrx_word' id='word_1_393' title='bbox 250 2655 392 2691; x_wconf 88' lang='lat' dir='ltr'>aneilla</span> <span class='ocrx_word' id='word_1_394' title='bbox 424 2665 520 2700; x_wconf 87' lang='lat' dir='ltr'>mea,</span> <span class='ocrx_word' id='word_1_395' title='bbox 543 2665 630 2691; x_wconf 90' lang='lat' dir='ltr'>eum</span> <span class='ocrx_word' id='word_1_396' title='bbox 650 2654 897 2701; x_wconf 82' lang='lat' dir='ltr'>disceptarent</span> 
     </span>
     <span class='ocr_line' id='line_1_44' title="bbox 135 2701 900 2748; baseline 0.001 -11"><span class='ocrx_word' id='word_1_397' title='bbox 135 2702 334 2739; x_wconf 83' lang='lat' dir='ltr'>adversum</span> <span class='ocrx_word' id='word_1_398' title='bbox 354 2713 427 2738; x_wconf 88' lang='lat' dir='ltr'>mc.</span> <span class='ocrx_word' id='word_1_399' title='bbox 447 2717 461 2735; x_wconf 89' lang='lat'>»</span> <span class='ocrx_word' id='word_1_400' title='bbox 490 2702 575 2738; x_wconf 85' lang='lat' dir='ltr'>llaee</span> <span class='ocrx_word' id='word_1_401' title='bbox 591 2706 668 2738; x_wconf 84' lang='lat' dir='ltr'>erat</span> <span class='ocrx_word' id='word_1_402' title='bbox 688 2701 768 2748; x_wconf 88' lang='lat' dir='ltr'>ejus</span> <span class='ocrx_word' id='word_1_403' title='bbox 787 2703 900 2748; x_wconf 81' lang='lat' dir='ltr'>aequi-</span> 
     </span>
     <span class='ocr_line' id='line_1_45' title="bbox 137 2749 900 2794; baseline 0.003 -10"><span class='ocrx_word' id='word_1_404' title='bbox 137 2753 206 2794; x_wconf 86' lang='lat' dir='ltr'>tas,</span> <span class='ocrx_word' id='word_1_405' title='bbox 231 2749 310 2786; x_wconf 84' lang='lat' dir='ltr'>haee</span> <span class='ocrx_word' id='word_1_406' title='bbox 332 2749 539 2794; x_wconf 88' lang='lat' dir='ltr'>humilitas,</span> <span class='ocrx_word' id='word_1_407' title='bbox 559 2750 638 2785; x_wconf 82' lang='lat' dir='ltr'>tiaec</span> <span class='ocrx_word' id='word_1_408' title='bbox 658 2749 900 2786; x_wconf 73' lang='lat' dir='ltr'>eonscientiae</span> 
     </span>
     <span class='ocr_line' id='line_1_46' title="bbox 137 2796 901 2834; baseline 0.003 -2"><span class='ocrx_word' id='word_1_409' title='bbox 137 2797 330 2833; x_wconf 81' lang='lat' dir='ltr'>securitas.</span> <span class='ocrx_word' id='word_1_410' title='bbox 352 2797 522 2834; x_wconf 86' lang='lat' dir='ltr'>Christus</span> <span class='ocrx_word' id='word_1_411' title='bbox 543 2796 726 2833; x_wconf 89' lang='lat' dir='ltr'>Dominus</span> <span class='ocrx_word' id='word_1_412' title='bbox 746 2807 825 2834; x_wconf 92' lang='lat' dir='ltr'>non</span> <span class='ocrx_word' id='word_1_413' title='bbox 845 2808 901 2834; x_wconf 89' lang='lat' dir='ltr'>so-</span> 
     </span>
     <span class='ocr_line' id='line_1_47' title="bbox 137 2842 899 2889; baseline 0.003 -11"><span class='ocrx_word' id='word_1_414' title='bbox 137 2842 218 2879; x_wconf 91' lang='lat' dir='ltr'>lum</span> <span class='ocrx_word' id='word_1_415' title='bbox 238 2853 430 2881; x_wconf 88' lang='lat' dir='ltr'>servorum</span> <span class='ocrx_word' id='word_1_416' title='bbox 446 2855 600 2881; x_wconf 92' lang='lat' dir='ltr'>suorum</span> <span class='ocrx_word' id='word_1_417' title='bbox 616 2844 759 2889; x_wconf 88' lang='lat' dir='ltr'>judicio</span> <span class='ocrx_word' id='word_1_418' title='bbox 780 2855 819 2880; x_wconf 91' lang='lat' dir='ltr'>se</span> <span class='ocrx_word' id='word_1_419' title='bbox 837 2855 899 2880; x_wconf 84' lang='lat' dir='ltr'>au—</span> 
     </span>
     <span class='ocr_line' id='line_1_48' title="bbox 136 2890 898 2937; baseline 0.001 -10"><span class='ocrx_word' id='word_1_420' title='bbox 136 2890 200 2927; x_wconf 86' lang='lat' dir='ltr'>det</span> <span class='ocrx_word' id='word_1_421' title='bbox 227 2891 474 2937; x_wconf 88' lang='lat' dir='ltr'>committere,</span> <span class='ocrx_word' id='word_1_422' title='bbox 496 2892 562 2928; x_wconf 88' lang='lat' dir='ltr'>sed</span> <span class='ocrx_word' id='word_1_423' title='bbox 593 2892 706 2928; x_wconf 85' lang='lat' dir='ltr'>etiam</span> <span class='ocrx_word' id='word_1_424' title='bbox 724 2893 898 2929; x_wconf 84' lang='lat' dir='ltr'>adversa-</span> 
     </span>
     <span class='ocr_line' id='line_1_49' title="bbox 137 2936 901 2990; baseline 0.003 -16"><span class='ocrx_word' id='word_1_425' title='bbox 137 2936 281 2975; x_wconf 87' lang='lat' dir='ltr'>riorum</span> <span class='ocrx_word' id='word_1_426' title='bbox 311 2942 348 2976; x_wconf 83' lang='lat' dir='ltr'>et</span> <span class='ocrx_word' id='word_1_427' title='bbox 377 2938 589 2978; x_wconf 85' lang='lat' dir='ltr'>infidelium</span> <span class='ocrx_word' id='word_1_428' title='bbox 609 2949 815 2990; x_wconf 84' lang='lat' dir='ltr'>servorum,</span> <span class='ocrx_word' id='word_1_429' title='bbox 837 2939 901 2989; x_wconf 85' lang='lat' dir='ltr'>qui</span> 
     </span>
    </p>
   </div>
   <div class='ocr_carea' id='block_1_5' title="bbox 937 1988 1709 2988">
    <p class='ocr_par' dir='ltr' id='par_1_5' title="bbox 937 1988 1709 2988">
     <span class='ocr_line' id='line_1_50' title="bbox 938 1988 1704 2032; baseline 0.003 -7"><span class='ocrx_word' id='word_1_430' title='bbox 938 1994 973 2025; x_wconf 88' lang='lat' dir='ltr'>et</span> <span class='ocrx_word' id='word_1_431' title='bbox 991 1988 1238 2025; x_wconf 77' lang='lat' dir='ltr'>oculatissirni</span> <span class='ocrx_word' id='word_1_432' title='bbox 1267 1993 1388 2032; x_wconf 80' lang='lat' dir='ltr'>erant,</span> <span class='ocrx_word' id='word_1_433' title='bbox 1410 1994 1443 2025; x_wconf 88' lang='lat' dir='ltr'>et</span> <span class='ocrx_word' id='word_1_434' title='bbox 1471 1989 1704 2027; x_wconf 87' lang='lat' dir='ltr'>malevolen-</span> 
     </span>
     <span class='ocr_line' id='line_1_51' title="bbox 939 2036 1706 2081; baseline 0.005 -10"><span class='ocrx_word' id='word_1_435' title='bbox 939 2037 1072 2072; x_wconf 85' lang='lat' dir='ltr'>tissimi</span> <span class='ocrx_word' id='word_1_436' title='bbox 1095 2036 1133 2072; x_wconf 89' lang='lat' dir='ltr'>in</span> <span class='ocrx_word' id='word_1_437' title='bbox 1170 2036 1239 2072; x_wconf 83' lang='lat' dir='ltr'>hoc</span> <span class='ocrx_word' id='word_1_438' title='bbox 1267 2036 1551 2081; x_wconf 85' lang='lat' dir='ltr'>incumbebant,</span> <span class='ocrx_word' id='word_1_439' title='bbox 1574 2042 1614 2074; x_wconf 84' lang='lat' dir='ltr'>ut</span> <span class='ocrx_word' id='word_1_440' title='bbox 1647 2037 1706 2075; x_wconf 86' lang='lat' dir='ltr'>la-</span> 
     </span>
     <span class='ocr_line' id='line_1_52' title="bbox 940 2083 1706 2130; baseline 0.005 -11"><span class='ocrx_word' id='word_1_441' title='bbox 940 2084 1109 2120; x_wconf 83' lang='lat' dir='ltr'>beculam</span> <span class='ocrx_word' id='word_1_442' title='bbox 1133 2083 1187 2119; x_wconf 84' lang='lat' dir='ltr'>vel</span> <span class='ocrx_word' id='word_1_443' title='bbox 1209 2083 1407 2119; x_wconf 83' lang='lat' dir='ltr'>minimam</span> <span class='ocrx_word' id='word_1_444' title='bbox 1429 2084 1467 2119; x_wconf 91' lang='lat' dir='ltr'>in</span> <span class='ocrx_word' id='word_1_445' title='bbox 1489 2095 1531 2120; x_wconf 91' lang='lat' dir='ltr'>co</span> <span class='ocrx_word' id='word_1_446' title='bbox 1552 2090 1706 2130; x_wconf 79' lang='lat' dir='ltr'>possent</span> 
     </span>
     <span class='ocr_line' id='line_1_53' title="bbox 938 2131 1702 2177; baseline 0.001 -10"><span class='ocrx_word' id='word_1_447' title='bbox 938 2132 1114 2177; x_wconf 85' lang='lat' dir='ltr'>reperire,</span> <span class='ocrx_word' id='word_1_448' title='bbox 1132 2131 1315 2177; x_wconf 84' lang='lat' dir='ltr'>illumque</span> <span class='ocrx_word' id='word_1_449' title='bbox 1335 2132 1471 2167; x_wconf 82' lang='lat' dir='ltr'>exinde</span> <span class='ocrx_word' id='word_1_450' title='bbox 1494 2133 1702 2170; x_wconf 80' lang='lat' dir='ltr'>traducere.</span> 
     </span>
     <span class='ocr_line' id='line_1_54' title="bbox 939 2178 1704 2224; baseline 0.004 -10"><span class='ocrx_word' id='word_1_451' title='bbox 939 2179 1034 2215; x_wconf 87' lang='lat' dir='ltr'>Eece</span> <span class='ocrx_word' id='word_1_452' title='bbox 1066 2179 1169 2214; x_wconf 85' lang='lat' dir='ltr'>enim</span> <span class='ocrx_word' id='word_1_453' title='bbox 1203 2178 1347 2224; x_wconf 84' lang='lat' dir='ltr'>judicio</span> <span class='ocrx_word' id='word_1_454' title='bbox 1390 2180 1585 2215; x_wconf 83' lang='lat' dir='ltr'>contendit</span> <span class='ocrx_word' id='word_1_455' title='bbox 1617 2190 1704 2217; x_wconf 89' lang='lat' dir='ltr'>cum</span> 
     </span>
     <span class='ocr_line' id='line_1_55' title="bbox 937 2225 1704 2271; baseline 0.003 -9"><span class='ocrx_word' id='word_1_456' title='bbox 937 2226 1077 2262; x_wconf 82' lang='lat' dir='ltr'>Judaeis</span> <span class='ocrx_word' id='word_1_457' title='bbox 1098 2225 1167 2262; x_wconf 83' lang='grc'><strong>31111</strong></span> <span class='ocrx_word' id='word_1_458' title='bbox 1189 2226 1455 2262; x_wconf 78' lang='lat' dir='ltr'>infensissimis</span> <span class='ocrx_word' id='word_1_459' title='bbox 1478 2236 1486 2263; x_wconf 89' lang='lat'><strong>:</strong></span> <span class='ocrx_word' id='word_1_460' title='bbox 1509 2242 1521 2258; x_wconf 90' lang='lat'>«</span> <span class='ocrx_word' id='word_1_461' title='bbox 1546 2227 1636 2271; x_wconf 85' lang='lat' dir='ltr'>Quis</span> <span class='ocrx_word' id='word_1_462' title='bbox 1657 2238 1704 2264; x_wconf 84' lang='lat' dir='ltr'>ex</span> 
     </span>
     <span class='ocr_line' id='line_1_56' title="bbox 939 2274 1704 2319; baseline 0.003 -9"><span class='ocrx_word' id='word_1_463' title='bbox 939 2274 1043 2310; x_wconf 84' lang='lat' dir='ltr'>vobis</span> <span class='ocrx_word' id='word_1_464' title='bbox 1062 2278 1190 2319; x_wconf 69' lang='lat' dir='ltr'>arguet</span> <span class='ocrx_word' id='word_1_465' title='bbox 1212 2284 1271 2308; x_wconf 86' lang='lat' dir='ltr'>me</span> <span class='ocrx_word' id='word_1_466' title='bbox 1291 2274 1336 2309; x_wconf 86' lang='lat' dir='ltr'>de</span> <span class='ocrx_word' id='word_1_467' title='bbox 1356 2279 1507 2319; x_wconf 84' lang='lat' dir='ltr'>peceato</span> <span class='ocrx_word' id='word_1_468' title='bbox 1521 2276 1535 2310; x_wconf 69' lang='grc' dir='ltr'>Ρ</span> <span class='ocrx_word' id='word_1_469' title='bbox 1550 2290 1564 2308; x_wconf 71' lang='grc'>1</span> <span class='ocrx_word' id='word_1_470' title='bbox 1590 2275 1704 2319; x_wconf 79' lang='lat' dir='ltr'>Quasi</span> 
     </span>
     <span class='ocr_line' id='line_1_57' title="bbox 938 2321 1706 2368; baseline 0.005 -12"><span class='ocrx_word' id='word_1_471' title='bbox 938 2322 1038 2357; x_wconf 89' lang='lat' dir='ltr'>dieat</span> <span class='ocrx_word' id='word_1_472' title='bbox 1056 2332 1063 2357; x_wconf 89' lang='lat'>:</span> <span class='ocrx_word' id='word_1_473' title='bbox 1083 2321 1152 2357; x_wconf 88' lang='lat' dir='ltr'>Vos</span> <span class='ocrx_word' id='word_1_474' title='bbox 1169 2331 1245 2357; x_wconf 89' lang='lat' dir='ltr'>uon</span> <span class='ocrx_word' id='word_1_475' title='bbox 1261 2322 1413 2366; x_wconf 85' lang='lat' dir='ltr'>potestis</span> <span class='ocrx_word' id='word_1_476' title='bbox 1430 2322 1633 2368; x_wconf 82' lang='lat' dir='ltr'>quidquam</span> <span class='ocrx_word' id='word_1_477' title='bbox 1650 2323 1706 2360; x_wconf 89' lang='lat' dir='ltr'>in·</span> 
     </span>
     <span class='ocr_line' id='line_1_58' title="bbox 939 2368 1706 2414; baseline 0.004 -10"><span class='ocrx_word' id='word_1_478' title='bbox 939 2368 1149 2405; x_wconf 82' lang='lat' dir='ltr'>credulitati</span> <span class='ocrx_word' id='word_1_479' title='bbox 1182 2372 1314 2404; x_wconf 77' lang='lat' dir='ltr'>vestrae</span> <span class='ocrx_word' id='word_1_480' title='bbox 1356 2374 1574 2414; x_wconf 62' lang='lat' dir='ltr'>praetexere.</span> <span class='ocrx_word' id='word_1_481' title='bbox 1609 2370 1706 2408; x_wconf 70' lang='lat' dir='ltr'>Nam</span> 
     </span>
     <span class='ocr_line' id='line_1_59' title="bbox 939 2416 1705 2464; baseline 0.004 -13"><span class='ocrx_word' id='word_1_482' title='bbox 939 2422 970 2452; x_wconf 88' lang='lat' dir='ltr'>et</span> <span class='ocrx_word' id='word_1_483' title='bbox 988 2416 1067 2452; x_wconf 80' lang='lat' dir='ltr'>¹vita</span> <span class='ocrx_word' id='word_1_484' title='bbox 1087 2426 1170 2452; x_wconf 88' lang='lat' dir='ltr'>mea</span> <span class='ocrx_word' id='word_1_485' title='bbox 1201 2416 1306 2452; x_wconf 86' lang='lat' dir='ltr'>omni</span> <span class='ocrx_word' id='word_1_486' title='bbox 1327 2426 1372 2451; x_wconf 85' lang='lat' dir='ltr'>ex</span> <span class='ocrx_word' id='word_1_487' title='bbox 1394 2421 1496 2462; x_wconf 83' lang='lat' dir='ltr'>parte</span> <span class='ocrx_word' id='word_1_488' title='bbox 1528 2417 1705 2464; x_wconf 82' lang='lat' dir='ltr'>inculpa-</span> 
     </span>
     <span class='ocr_line' id='line_1_60' title="bbox 941 2463 1706 2509; baseline 0.004 -10"><span class='ocrx_word' id='word_1_489' title='bbox 941 2463 1026 2499; x_wconf 85' lang='lat' dir='ltr'>bilis</span> <span class='ocrx_word' id='word_1_490' title='bbox 1046 2468 1114 2506; x_wconf 86' lang='lat' dir='ltr'>est,</span> <span class='ocrx_word' id='word_1_491' title='bbox 1136 2464 1320 2499; x_wconf 87' lang='lat' dir='ltr'>immunis</span> <span class='ocrx_word' id='word_1_492' title='bbox 1338 2463 1384 2499; x_wconf 83' lang='lat' dir='ltr'>ab</span> <span class='ocrx_word' id='word_1_493' title='bbox 1406 2464 1509 2500; x_wconf 88' lang='lat' dir='ltr'>omni</span> <span class='ocrx_word' id='word_1_494' title='bbox 1535 2464 1631 2509; x_wconf 87' lang='grc'><strong>13113,</strong></span> <span class='ocrx_word' id='word_1_495' title='bbox 1654 2466 1706 2502; x_wconf 86' lang='lat' dir='ltr'>ita</span> 
     </span>
     <span class='ocr_line' id='line_1_61' title="bbox 942 2511 1705 2559; baseline 0.005 -13"><span class='ocrx_word' id='word_1_496' title='bbox 942 2516 978 2547; x_wconf 88' lang='lat' dir='ltr'>ut</span> <span class='ocrx_word' id='word_1_497' title='bbox 998 2511 1168 2556; x_wconf 84' lang='lat' dir='ltr'>quamvis</span> <span class='ocrx_word' id='word_1_498' title='bbox 1190 2511 1307 2547; x_wconf 87' lang='lat' dir='ltr'>multa</span> <span class='ocrx_word' id='word_1_499' title='bbox 1339 2511 1379 2547; x_wconf 89' lang='lat' dir='ltr'>in</span> <span class='ocrx_word' id='word_1_500' title='bbox 1400 2511 1530 2557; x_wconf 79' lang='lat' dir='ltr'>vulgus</span> <span class='ocrx_word' id='word_1_501' title='bbox 1555 2523 1705 2559; x_wconf 83' lang='lat' dir='ltr'>sparse-</span> 
     </span>
     <span class='ocr_line' id='line_1_62' title="bbox 940 2558 1705 2603; baseline 0.004 -9"><span class='ocrx_word' id='word_1_502' title='bbox 940 2558 1032 2603; x_wconf 76' lang='lat' dir='ltr'>ritis,</span> <span class='ocrx_word' id='word_1_503' title='bbox 1055 2559 1101 2594; x_wconf 91' lang='lat' dir='ltr'>de</span> <span class='ocrx_word' id='word_1_504' title='bbox 1123 2558 1322 2595; x_wconf 86' lang='lat' dir='ltr'>violatione</span> <span class='ocrx_word' id='word_1_505' title='bbox 1348 2558 1507 2602; x_wconf 81' lang='lat' dir='ltr'>sabbati,</span> <span class='ocrx_word' id='word_1_506' title='bbox 1528 2559 1574 2596; x_wconf 88' lang='grc'>(13</span> <span class='ocrx_word' id='word_1_507' title='bbox 1604 2560 1705 2597; x_wconf 87' lang='lat' dir='ltr'>ami-</span> 
     </span>
     <span class='ocr_line' id='line_1_63' title="bbox 939 2605 1705 2654; baseline 0.005 -13"><span class='ocrx_word' id='word_1_508' title='bbox 939 2606 1026 2642; x_wconf 86' lang='lat' dir='ltr'>citia</span> <span class='ocrx_word' id='word_1_509' title='bbox 1046 2616 1133 2642; x_wconf 89' lang='lat' dir='ltr'>cum</span> <span class='ocrx_word' id='word_1_510' title='bbox 1166 2605 1394 2652; x_wconf 74' lang='lat' dir='ltr'>publicanis,</span> <span class='ocrx_word' id='word_1_511' title='bbox 1415 2606 1462 2642; x_wconf 88' lang='grc'>(13</span> <span class='ocrx_word' id='word_1_512' title='bbox 1488 2607 1565 2642; x_wconf 89' lang='lat' dir='ltr'>vini</span> <span class='ocrx_word' id='word_1_513' title='bbox 1597 2613 1705 2654; x_wconf 83' lang='lat' dir='ltr'>pota-</span> 
     </span>
     <span class='ocr_line' id='line_1_64' title="bbox 941 2653 1707 2698; baseline 0.004 -9"><span class='ocrx_word' id='word_1_514' title='bbox 941 2654 1054 2698; x_wconf 79' lang='lat' dir='ltr'>tione,</span> <span class='ocrx_word' id='word_1_515' title='bbox 1089 2658 1214 2689; x_wconf 89' lang='lat' dir='ltr'>tamen</span> <span class='ocrx_word' id='word_1_516' title='bbox 1255 2653 1496 2689; x_wconf 85' lang='lat' dir='ltr'>manifestum</span> <span class='ocrx_word' id='word_1_517' title='bbox 1536 2655 1606 2691; x_wconf 84' lang='lat' dir='ltr'>suit</span> <span class='ocrx_word' id='word_1_518' title='bbox 1639 2655 1707 2692; x_wconf 85' lang='lat' dir='ltr'>has</span> 
     </span>
     <span class='ocr_line' id='line_1_65' title="bbox 939 2700 1706 2748; baseline 0.005 -12"><span class='ocrx_word' id='word_1_519' title='bbox 939 2712 1019 2737; x_wconf 84' lang='lat' dir='ltr'>esse</span> <span class='ocrx_word' id='word_1_520' title='bbox 1056 2701 1269 2737; x_wconf 82' lang='lat' dir='ltr'>calumnias</span> <span class='ocrx_word' id='word_1_521' title='bbox 1309 2700 1510 2737; x_wconf 89' lang='lat' dir='ltr'>hominum</span> <span class='ocrx_word' id='word_1_522' title='bbox 1542 2702 1706 2748; x_wconf 87' lang='lat' dir='ltr'>pessime</span> 
     </span>
     <span class='ocr_line' id='line_1_66' title="bbox 938 2749 1706 2787; baseline 0.004 -3"><span class='ocrx_word' id='word_1_523' title='bbox 938 2749 1157 2784; x_wconf 82' lang='lat' dir='ltr'>atl&#39;ectoruin</span> <span class='ocrx_word' id='word_1_524' title='bbox 1194 2759 1202 2783; x_wconf 75' lang='grc' dir='ltr'>ε</span> <span class='ocrx_word' id='word_1_525' title='bbox 1241 2752 1276 2783; x_wconf 85' lang='lat' dir='ltr'>ct</span> <span class='ocrx_word' id='word_1_526' title='bbox 1315 2753 1435 2784; x_wconf 78' lang='lat' dir='ltr'>vestra</span> <span class='ocrx_word' id='word_1_527' title='bbox 1472 2750 1706 2787; x_wconf 84' lang='lat' dir='ltr'>conscientia</span> 
     </span>
     <span class='ocr_line' id='line_1_67' title="bbox 941 2795 1706 2845; baseline 0.004 -14"><span class='ocrx_word' id='word_1_528' title='bbox 941 2796 1044 2832; x_wconf 83' lang='lat' dir='ltr'>testis</span> <span class='ocrx_word' id='word_1_529' title='bbox 1063 2806 1144 2831; x_wconf 87' lang='lat' dir='ltr'>esse</span> <span class='ocrx_word' id='word_1_530' title='bbox 1164 2799 1297 2841; x_wconf 85' lang='lat' dir='ltr'>potest,</span> <span class='ocrx_word' id='word_1_531' title='bbox 1316 2795 1414 2841; x_wconf 86' lang='lat' dir='ltr'>quod</span> <span class='ocrx_word' id='word_1_532' title='bbox 1436 2806 1507 2832; x_wconf 87' lang='lat' dir='ltr'>nec</span> <span class='ocrx_word' id='word_1_533' title='bbox 1527 2797 1572 2833; x_wconf 90' lang='lat' dir='ltr'>de</span> <span class='ocrx_word' id='word_1_534' title='bbox 1593 2797 1706 2845; x_wconf 82' lang='lat' dir='ltr'>culpa</span> 
     </span>
     <span class='ocr_line' id='line_1_68' title="bbox 941 2843 1706 2891; baseline 0.004 -12"><span class='ocrx_word' id='word_1_535' title='bbox 941 2844 1017 2879; x_wconf 84' lang='lat' dir='ltr'>ulla</span> <span class='ocrx_word' id='word_1_536' title='bbox 1036 2843 1260 2879; x_wconf 87' lang='lat' dir='ltr'>convincere</span> <span class='ocrx_word' id='word_1_537' title='bbox 1289 2852 1470 2888; x_wconf 81' lang='lat' dir='ltr'>umquam</span> <span class='ocrx_word' id='word_1_538' title='bbox 1490 2854 1550 2880; x_wconf 93' lang='lat' dir='ltr'>me</span> <span class='ocrx_word' id='word_1_539' title='bbox 1569 2849 1706 2891; x_wconf 89' lang='lat' dir='ltr'>potue-</span> 
     </span>
     <span class='ocr_line' id='line_1_69' title="bbox 941 2890 1706 2940; baseline 0.004 -13"><span class='ocrx_word' id='word_1_540' title='bbox 941 2891 1035 2927; x_wconf 85' lang='lat' dir='ltr'>ritis.</span> <span class='ocrx_word' id='word_1_541' title='bbox 1069 2890 1192 2927; x_wconf 83' lang='lat' dir='ltr'>Etiam</span> <span class='ocrx_word' id='word_1_542' title='bbox 1245 2890 1418 2927; x_wconf 85' lang='lat' dir='ltr'>doctrina</span> <span class='ocrx_word' id='word_1_543' title='bbox 1465 2901 1509 2928; x_wconf 86' lang='lat' dir='ltr'>ea</span> <span class='ocrx_word' id='word_1_544' title='bbox 1556 2902 1706 2940; x_wconf 85' lang='lat' dir='ltr'>semper</span> 
     </span>
     <span class='ocr_line' id='line_1_70' title="bbox 939 2937 1709 2988; baseline 0.006 -13"><span class='ocrx_word' id='word_1_545' title='bbox 939 2938 1010 2976; x_wconf 84' lang='lat' dir='ltr'>fuit</span> <span class='ocrx_word' id='word_1_546' title='bbox 1042 2937 1401 2988; x_wconf 82' lang='lat' dir='ltr'>irreprehensibilis,</span> <span class='ocrx_word' id='word_1_547' title='bbox 1429 2948 1502 2979; x_wconf 84' lang='lat' dir='ltr'>nee</span> <span class='ocrx_word' id='word_1_548' title='bbox 1530 2938 1709 2982; x_wconf 75' lang='lat' dir='ltr'>falsitatis</span> 
     </span>
    </p>
   </div>
  </div>
 </body>
</html>
