1858 3146
638 158 852 190 mmmmm
878 157 955 189 DES
984 159 1197 190 muuux.

116 238 296 281 'servees
309 237 481 291 jusqu'a
499 250 546 278 ce
561 237 674 290 jour.
696 236 838 277 Parmi
856 235 917 277 165
949 237 1107 277 saintes
1134 237 1316 290 reliques
1342 237 1398 278 du
1429 237 1591 279 celebre
1609 249 1703 286 mo-

134 306 300 346 6651616
320 304 372 344 de
390 303 734 353 Saint-Laurent,
756 303 851 355 pres
865 301 916 340 de
936 301 1080 353 mega,
1104 315 1209 342 nous
1230 303 1362 343 1150115
1385 315 1394 342 :
1421 319 1439 339 «
1461 306 1537 344 Les
1549 303 1705 348 larmos

129 370 192 410 du
214 369 406 410 Sauveur
424 367 721 415 Jesus-Christ,
744 379 889 419 recues
921 366 1025 406 dans
1043 381 1102 407 uu
1131 367 1245 419 linge
1277 369 1556 421 qu’Honorius
1587 380 1635 410 111
1653 369 1708 411 (16

135 436 389 486 Petraponte
409 433 552 473 donna
572 435 596 472 6
626 431 825 484 1'Echue
857 431 907 471 de
940 432 1069 484 Liege
1101 445 1151 472 en
1185 433 1267 472 l'an
1302 436 1422 482 1216,
1455 434 1707 486 Huguesles

127 499 279 540 donna
299 500 323 538 6
344 498 498 550 garder
519 499 544 537 6
564 510 639 538 506
659 497 744 537 ami
763 497 928 545 intime,
952 497 1109 546 Othon,
1131 498 1238 538 abbe
1258 498 1308 538 (16
1323 498 1659 540 Saint-Laurent.
1682 514 1702 538 n

0 568 3 588 *
127 566 199 605 06
218 563 384 603 affirma
419 562 573 616 qu’une
594 563 645 602 de
666 574 731 602 665
750 562 902 601 larmes
922 565 985 601 651
1012 565 1234 603 conservee
1259 563 1362 602 dans
1393 563 1431 603 16
1469 566 1708 606 monastero

0 620 3 628 ³
133 628 185 670 de
204 628 432 670 vendome.
455 629 518 668 En
539 627 692 671 Artois.
715 626 820 667 dans
838 626 878 666 le
899 626 1054 679 village
1074 628 1124 666 (16
1146 630 1331 680 Vagner,
1368 631 1485 669 entre
1513 630 1706 672 Bethune

131 697 176 734 61
213 693 373 742 Lillers,
414 705 468 732 on
503 696 668 732 montre
709 691 820 732 aussi
853 704 933 731 unc
965 692 1017 732 de
1049 704 1114 732 ces
1146 693 1299 733 lat-mes
1331 693 1382 733 (16
1401 695 1703 745 Jesus-Christ;

0 794 5 804 ,
132 770 186 798 on
207 758 490 810 yaccourtde
529 757 721 797 tres-loia
761 769 866 808 pour
904 757 947 796 16
984 759 1174 806 venerer,
1199 761 1241 798 et
1276 758 1493 811 beaucoup
1530 760 1709 801 retirent

0 806 13 884 1·
136 825 188 864 (16
228 823 267 862 16
303 834 383 862 vuc
420 825 463 862 et
500 822 550 861 de
589 821 936 861 l'attouchement
967 822 1091 862 d’une
1134 823 1169 862 si
1211 824 1426 875 precieuse
1457 824 1618 877 relique
1655 825 1708 869 de

0 136 23 221 ξ·
1616 150 1702 197 ms

0 240 22 330 i

0 332 21 370 1.

0 886 21 948 κ
132 888 175 928 la
209 887 326 928 fixite
363 900 470 940 pour
508 887 620 927 leurs
656 899 767 938 yeux
800 890 842 926 61
872 887 927 926 du
957 887 1248 939 soulagement
1277 889 1380 928 (1665
1412 889 1472 929 165
1510 890 1708 930 douleurs

0 998 1 1002 Ἰ
132 957 294 994 atroces
315 952 438 1006 qu’ils
458 952 551 991 font
572 952 756 991 souffrir.
779 951 886 991 C'est
905 965 956 991 66
981 952 1201 992 l’honneur
1221 953 1319 993 d'un
1348 954 1382 993 si
1406 955 1538 1006 grand
1559 967 1707 999 souve-

0 1027 8 1053 ἰ
133 1018 203 1058 nir
215 1029 296 1071 que
308 1018 347 1058 16
362 1017 518 1069 village
533 1022 595 1056 651
609 1017 757 1069 appele
775 1017 1103 1058 Sainte-Larme.
1120 1019 1194 1058 Ces
1209 1019 1362 1058 larmes
1377 1019 1428 1060 de
1437 1020 1458 1060 J
1463 1020 1710 1062 esus-Christ

135 1088 210 1123 ont
230 1095 283 1123 eu
303 1083 441 1123 divers
455 1082 614 1122 motifs.
629 1082 661 1122 ll
678 1082 896 1134 prevoyait
910 1082 950 1121 16
966 1083 1220 1123 destruction
1236 1084 1376 1124 future
1391 1085 1441 1124 de
1455 1085 1706 1137 Jerusalem,

133 1147 166 1188 il
184 1149 328 1200 voyait
347 1160 400 1187 au
424 1147 559 1199 grand
576 1146 676 1199 jour
696 1146 756 1186 les
776 1147 970 1186 infamias
995 1151 1037 1187 et
1067 1148 1394 1200 l’aveuglement
1413 1150 1469 1190 du
1502 1155 1707 1192 moment.

134 1212 170 1253 11
190 1212 445 1252 considerait
464 1213 504 1251 la
525 1212 795 1264 reprobation
815 1212 866 1251 (16
888 1225 964 1251 son
986 1213 1152 1265 peuple,
1168 1226 1274 1266 pour
1294 1215 1366 1266 qui
1380 1215 1409 1254 il
1429 1215 1546 1255 alluit
1563 1219 1711 1269 repan-

133 1278 208 1319 dre
227 1290 279 1317 66
302 1278 398 1317 vain
419 1290 494 1316 son
515 1290 632 1328 sang.
655 1278 709 1316 Ce
731 1277 923 1316 mallieur
943 1281 1130 1318 extreme
1151 1279 1336 1331 exigeait
1355 1284 1508 1321 autaut
1527 1281 1599 1320 des
1619 1281 1703 1322 lar-

134 1355 226 1384 mes
244 1343 296 1383 de
317 1342 375 1382 lui
398 1355 478 1395 (166
500 1343 539 1382 16
559 1347 670 1381 mort
692 1343 747 1381 (16
770 1342 970 1393 patricide
996 1343 1175 1382 Absalon
1209 1356 1259 1383 66
1291 1356 1316 1383 a
1347 1347 1468 1384 conte
1501 1347 1527 1385 a
1556 1346 1705 1396 David,

138 1422 158 1446 «
178 1419 301 1460 parce
321 1406 427 1460 qu'il
448 1407 580 1447 savait
601 1419 682 1459 que
702 1407 742 1446 la
763 1406 888 1445 sortia
910 1407 966 1445 du
987 1407 1074 1446 sein
1096 1408 1147 1447 de
1168 1407 1207 1447 la
1226 1412 1336 1448 mort
1350 1410 1479 1449 serait
1499 1411 1709 1452 eternelle·

131 1475 253 1513 ment
274 1473 431 1512 fermee
451 1484 527 1524 par
546 1472 583 1511 16
605 1472 724 1524 poids
745 1471 795 1510 (16
829 1485 900 1509 son
933 1472 1075 1511 crime.
1103 1488 1120 1508 n
1150 1474 1284 1513 Est-ce
1308 1474 1410 1526 qu’il
1440 1487 1491 1515 66
1524 1476 1710 1517 meritait

132 1549 208 1591 pas
226 1537 298 1577 des
317 1537 484 1588 larmes,
499 1549 544 1577 66
566 1537 671 1576 chan
679 1540 849 1588 gement
869 1537 902 1575 si
923 1539 1130 1576 etonnant
1151 1538 1253 1590 qu'il
1269 1539 1410 1590 voyait
1424 1538 1568 1580 devoir
1580 1540 1711 1594 50116-

133 1614 204 1644 rer
222 1602 326 1642 dans
345 1614 420 1642 506
440 1601 592 1654 peuple
613 1602 711 1654 cinq
729 1602 849 1652 jours
863 1601 1012 1653 apres?

190 1669 232 1708 1⁰
251 1667 285 1708 Il
304 1670 366 1707 est
386 1679 483 1718 recu
503 1667 607 1706 dans
626 1666 861 1707 Jerusalem
893 1679 994 1706 avec
1027 1666 1158 1718 gloire
1187 1671 1230 1707 et
1250 1668 1460 1718 honneur,
1487 1682 1541 1710 66
1561 1671 1709 1713 milieu

131 1732 210 1773 -des
223 1732 358 1772 vivats
377 1731 427 1771 de
448 1732 489 1772 16
509 1732 638 1779 foule,
661 1734 703 1772 61
722 1744 804 1783 peu
825 1731 875 1771 (16
891 1731 1011 1782 jours
1029 1734 1163 1784 apres,
1177 1732 1206 1772 il
1221 1746 1273 1772 en
1295 1737 1357 1774 651
1376 1734 1708 1787 ignominieuse-

135 1801 255 1837 ment
290 1796 432 1836 chasse
471 1809 547 1848 par
586 1796 644 1835 les
682 1799 840 1835 memes
878 1796 1083 1836 hommes.
1126 1812 1145 1834 ((
1185 1800 1410 1838 comment
1446 1799 1524 1839 l’or
1561 1800 1713 1841 s'est-il

135 1971 391 2005 asservantur.
423 1967 527 2004 Unde
548 1966 647 2002 inter
668 1976 789 2020 sacras
820 1966 1077 2028 (οη-’1566616
1099 1967 1276 2013 Lacryma
1295 1975 1549 2016 nuncupatur.
1572 1972 1713 2010 Harum

166 2016 247 2053 nias
292 2014 452 2052 celebris
506 2014 724 2050 Monasteril
789 2019 909 2050 suncti
948 2020 1072 2050 :tutem
1114 2015 1365 2060 lacrymarum
1417 2018 1554 2055 Christi
1588 2030 1714 2058 causae

0 2627 13 2702 ι“,-Δ

0 2876 32 2930 »¹:⁶⁸
0 2708 22 2864 exurar*

168 2063 330 2100 aurentii
367 2063 474 2108 juxta
506 2062 683 2097 Leodium
721 2062 775 2097 sic
815 2062 908 2107 legi-

139 2121 225 2148 mus
249 2122 256 2147 :
284 2123 298 2141 «
323 2110 512 2155 Lacryinae
537 2109 674 2146 Christi
695 2109 909 2152 SalvaloriS,

139 2168 254 2207 quam
303 2157 490 2194 llonorius
528 2158 657 2193 tertius
694 2157 739 2192 (16
783 2157 908 2193 Petra·

140 2211 256 2254 ponte
294 2205 479 2252 Episcopo
519 2204 714 2240 Lcodiensi
760 2204 910 2240 sudario

138 2257 337 2300 exceptam
375 2252 477 2288 dedit
509 2263 611 2288 anno
650 2252 755 2288 1216.
808 2253 910 2297 llugo

143 2306 271 2338 autem
291 2300 419 2345 Ottqni
441 2300 487 2335 ud
511 2300 642 2335 Divum
669 2299 909 2335 Laurentium

142 2348 292 2391 Abbati,
314 2347 510 2384 individuo
531 2357 598 2383 suo
620 2347 747 2383 comiti
763 2358 911 2383 servan·

141 2396 230 2433 dam
251 2395 414 2442 reliquit.
450 2408 463 2427 »
488 2394 547 2430 Sic
582 2399 615 2430 et
650 2394 689 2430 in
723 2394 910 2431 11666061-

143 2443 268 2481 mensi
304 2441 486 2479 Coenohio
522 2442 701 2478 asseritur
728 2442 911 2478 asservari

144 2491 317 2539 quaedam
357 2490 493 2526 Clu-isui
532 2489 710 2534 lacryma.
747 2493 838 2526 Item
873 2490 911 2525 iu

143 2539 288 2576 Arte-sia
308 2538 348 2574 in
379 2537 468 2574 Vico
488 2537 677 2583 Vagnensi
714 2537 814 2573 inter
851 2538 911 2573 Be—

144 2586 320 2623 thuniam
341 2588 377 2621 et
399 2584 575 2621 Lilcriurn
596 2585 806 2621 ostenditur
837 2595 912 2620 una

142 2644 188 2671 ex
210 2633 348 2670 Christi
370 2632 562 2678 lacrymis,
585 2632 630 2667 ad
652 2642 765 2679 quam
804 2643 912 2668 vene-

143 2681 304 2718 rationis
340 2690 452 2716 causu
490 2679 600 2716 multi
640 2690 660 2715 6
692 2679 912 2726 longinquis

141 2728 328 2775 partibus,
349 2730 564 2771 confluunt,
586 2731 627 2763 ut
647 2727 703 2763 vel
721 2727 801 2763 solo
819 2728 913 2763 tanti

140 2776 312 2823 pignoris
326 2775 461 2811 intuitu
473 2779 508 2810 et
520 2779 759 2811 sacrosancto
774 2779 911 2811 attactu

135 2823 343 2861 oculorum
369 2821 601 2867 tii-mitatem,
623 2826 658 2858 et
691 2827 823 2858 contra
856 2832 912 2858 co-

142 2871 318 2908 rumdem
355 2880 462 2907 acres
498 2869 661 2912 dolores,
701 2869 873 2906 levamen
893 2880 914 2904 a

142 2917 291 2955 Christo
311 2922 602 2964 consequantur.
630 2916 734 2953 Unde
755 2923 790 2954 61
810 2917 915 2953 vicus

143 2964 188 3003 in
225 2965 321 3004 tanti
357 2964 528 3013 pignoris
576 2963 761 3003 honorem
809 2974 915 3003 nunc

949 2063 1100 2098 fuerunt
1137 2065 1259 2099 variae.
1302 2064 1530 2102 Praevitlebat
1568 2067 1715 2106 seilicet

951 2110 1113 2146 suturam
1181 2111 1474 2149 destructionem
1538 2114 1713 2161 civitatis,

950 2158 1162 2203 pervidebat
1183 2159 1321 2204 flagitia
1340 2165 1374 2195 et
1395 2161 1602 2198 caecitatem
1622 2173 1715 2210 prae-

951 2211 1110 2241 sentem.
1160 2207 1427 2244 considerabat
1475 2210 1605 2255 populi
1654 2210 1715 2248 sui

951 2252 1265 2300 1···p=·0batiouem,
1298 2256 1359 2291 cui
1391 2256 1430 2291 in
1458 2267 1596 2293 vanum
1629 2269 1714 2295 san-

950 2301 1102 2344 guinem
1123 2312 1233 2337 suum
1253 2308 1331 2338 erat
1351 2304 1571 2348 profusurus
1588 2320 1598 2348 ς
1613 2304 1713 2343 ideo·

950 2359 1127 2393 (16611011
1167 2349 1295 2385 minus
1332 2350 1379 2386 ab
1417 2361 1460 2387 eo
1489 2351 1716 2398 deposcebat

952 2397 1135 2440 lacrymas
1156 2407 1286 2433 corum
1317 2398 1511 2434 calamitas
1530 2404 1712 2446 extrema,

951 2454 1061 2488 quain
1083 2455 1103 2478 a
1126 2444 1262 2480 Davide
1283 2445 1479 2482 Absalonis
1515 2449 1714 2493 parricidae

951 2491 1121 2533 exitium,
1164 2506 1177 2523 α
1219 2493 1281 2528 661
1337 2493 1480 2530 sciebat
1535 2499 1715 2543 perpetuo

950 2538 1182 2574 obstructum
1204 2540 1360 2576 exitium
1392 2541 1439 2578 de
1470 2547 1599 2579 ventre
1617 2553 1716 2581 mor-

953 2586 1011 2631 tis,
1034 2585 1132 2621 mole
1152 2587 1336 2624 criminis.
1361 2603 1375 2622 »
1399 2589 1454 2624 An
1488 2599 1566 2625 non
1597 2589 1716 2636 lacry-

952 2644 1032 2668 mas
1064 2634 1197 2670 merito
1231 2635 1402 2680 exigebat
1432 2635 1497 2672 illa
1540 2647 1653 2683 quam
1671 2637 1715 2676 iu

952 2679 1090 2726 populo
1110 2691 1177 2717 suo
1197 2682 1373 2719 cernebat
1392 2688 1475 2729 post
1494 2684 1574 2721 dies
1599 2685 1716 2732 quin-

952 2738 1023 2773 que
1067 2728 1191 2765 sutura
1234 2731 1391 2767 mutatio
1442 2731 1534 2768 adeo
1583 2733 1716 2780 prodi-

951 2776 1084 2821 giosa?

999 2822 1034 2858 1.
1069 2822 1161 2858 Cum
1194 2823 1326 2860 faustis
1363 2825 1716 2872 acclamationibus,

953 2879 1040 2905 cum
1060 2870 1179 2916 gloria
1198 2876 1235 2907 et
1273 2871 1431 2918 honore,
1452 2873 1638 2920 excipitur
1674 2874 1720 2912 16

953 2917 1194 2962 Jerusalem3
1234 2919 1365 2965 paucis
1411 2921 1548 2958 exinde
1584 2921 1718 2960 diebus

953 2974 1104 3003 summa
1128 2975 1217 3004 cum
1247 2966 1461 3015 ignominia
1489 2969 1638 3018 ejicitur
1664 2969 1719 3007 >ab
