1858 3146
225 161 306 199 454

223 258 348 301 parce
368 257 450 298 que
470 245 599 286 Mo'ise
619 248 661 285 et
678 238 770 285 Elie
790 246 865 284 ont
880 244 1009 295 jaune
1031 242 1069 282 le
1090 242 1227 282 meme
1247 241 1426 282 nombre
1457 241 1508 281 de
1537 241 1673 293 jours‚
1695 240 1806 281 mais

225 323 380 353 encore
417 322 542 358 parce
574 321 656 362 que
690 309 859 350 Goliath
891 308 1004 348 avait
1036 307 1190 347 insulte
1223 307 1350 347 Israel
1381 306 1572 358 pendant
1601 309 1808 358 quarente

219 364 357 427 Joum,
379 380 421 416 et
440 375 471 415 il
492 375 595 415 etait
613 375 656 414 la
675 374 812 426 figure
832 374 887 413 du
909 374 1060 412 demon
1085 384 1166 424 que
1193 372 1453 412 Jesus-Chrit
1470 371 1632 411 voulait
1655 373 1809 411 mettre

227 453 282 483 en
300 441 473 481 deroute
492 453 569 492 par
588 452 664 480 son
687 441 816 491 jeune
837 439 888 478 de
909 442 1119 491 quarente
1146 438 1282 489 jours.
1317 439 1359 477 3ο
1382 438 1437 477 Ce
1470 436 1577 476 n’est
1606 448 1682 488 pas
1713 447 1810 475 sans

227 508 411 559 mystere
430 505 623 558 qu'apres
642 518 697 544 un
712 504 843 557 jeune
865 504 915 543 de
937 505 1143 556 quarente
1160 502 1280 554 jours
1300 502 1332 541 il
1361 514 1385 541 a
1411 501 1539 541 voulu
1573 500 1750 553 precher
1767 503 1810 540 et.

227 571 492 623 evangelistar
527 570 718 623 pendant
759 571 962 621 quarente
1001 568 1122 607 mois.
1151 570 1195 607 4⁰
1229 569 1283 607 Ge
1323 566 1428 606 n'est
1461 578 1535 618 pas
1566 578 1663 606 sans
1693 577 1807 618 mys—

226 638 316 677 tere
353 636 457 689 qu'il
487 648 512 676 a
543 635 671 675 voulu
704 634 827 674 sortir
861 633 919 673 du
951 633 1150 673 tombeau
1185 635 1392 685 quarente
1426 632 1580 671 heures
1612 632 1735 682 apres
1764 642 1811 670 se

229 705 355 743 mort.
375 703 418 742 5⁰
438 702 493 741 Ce
525 700 630 740 n'est
662 712 736 751 pas
758 711 855 738 sans
893 700 1075 750 mystere
1105 698 1299 750 qu'apres
1331 709 1377 736 sa
1413 696 1695 736 resurrection
1725 695 1754 734 il
1784 707 1810 735 a

228 767 359 807 voulu
380 766 603 806 demeurer
624 766 830 816 quarente
845 763 967 815 jours
986 776 1057 802 sur
1077 763 1118 802 la
1139 766 1250 802 terre
1269 775 1377 814 pour
1397 762 1622 801 confirmer
1641 773 1705 801 ses
1724 761 1809 800 dis-

229 832 358 885 ciples
377 831 479 871 dans
494 831 534 869 la
552 830 611 868 foi
633 832 675 868 et
694 828 754 868 les
773 829 969 868 instruire
991 841 1066 880 par
1086 829 1137 868 de
1158 829 1378 880 frequents
1400 827 1630 867 entretiens
1663 838 1734 866 sur
1769 826 1809 866 le

228 908 434 949 royaume
454 895 504 934 de
526 895 645 934 Dieu.
667 894 783 933 Ainsi
805 896 975 946 partout
1005 906 1050 934 ce
1083 894 1260 933 nombre
1295 892 1623 946 quarantenaire
1656 895 1718 931 est
1751 903 1810 930 un

230 961 406 1002 nombre
442 962 558 999 sacre
589 962 631 999 et
660 959 888 1010 mystique.
909 960 951 998 6ο
985 959 1039 998 Ce
1073 958 1178 998 n’est
1209 971 1283 1010 pas
1313 970 1409 997 sans
1442 959 1626 1010 mystere
1657 968 1740 1008 que
1773 956 1814 995 le

233 1026 372 1067 Christ
391 1037 415 1064 a
435 1024 607 1064 atteudu
641 1027 849 1076 quarente
880 1036 956 1063 ans
988 1023 1048 1063 les
1081 1023 1190 1064 Juifs
1220 1025 1245 1062 ὲ
1274 1023 1316 1062 la
1346 1022 1582 1075 peniteuoe‚
1602 1025 1729 1061 avant
1761 1021 1815 1061 de

234 1091 420 1132 detruire
439 1092 546 1130 cette
565 1090 664 1129 ville
683 1101 761 1141 par
782 1090 819 1129 le
840 1089 936 1128 bras
957 1089 1007 1128 de
1028 1089 1165 1128 Titus.

290 1158 353 1196 En
374 1155 588 1195 troisieme
608 1154 709 1203 lieu,
722 1153 894 1205 l'Eglise
915 1157 957 1194 et
977 1154 1036 1193 les
1056 1154 1223 1205 apotres
1237 1155 1358 1205 apres
1371 1152 1647 1194 Jesus-Christ
1666 1154 1818 1191 eurent

236 1221 403 1261 bientOt
422 1232 467 1260 ce
487 1220 664 1259 nombre
685 1231 735 1259 en
757 1219 954 1258 honneur
986 1231 1039 1258 en
1076 1218 1114 1258 le
1147 1222 1395 1258 consuerant
1427 1231 1480 1258 au
1509 1218 1639 1270 jeune
1667 1221 1709 1256 et
1731 1218 1757 1255 ἐι
1775 1215 1818 1255 la

237 1285 392 1339 priore,
416 1287 440 1324 ἐι
460 1285 683 1337 l'exemple
704 1283 755 1324 de
774 1285 794 1324 J
801 1284 1067 1334 esus-Christ,
1085 1286 1109 1323 ἐι
1129 1283 1352 1336 l’exemple
1373 1283 1424 1324 de
1445 1284 1589 1331 Mo'ise,
1605 1284 1630 1322 εὶ
1649 1281 1821 1323 l’exem-

238 1351 307 1405 ple
327 1343 474 1391 d'Elie.
507 1351 587 1391 Car
618 1350 748 1389 Mo'ise
781 1352 824 1389 et
855 1344 944 1389 Elie
976 1353 1051 1389 ont
1083 1353 1234 1389 ouvert
1265 1349 1306 1388 la
1339 1352 1462 1389 route
1489 1350 1514 1388 ἐι
1534 1350 1655 1388 notre
1669 1347 1813 1400 jesiae,

241 1428 406 1457 comme
426 1428 481 1456 au
496 1415 626 1467 jeune
646 1415 698 1455 de
718 1414 1018 1464 Jews-Christ,
1041 1417 1082 1454 et
1101 1415 1151 1454 ils
1172 1417 1247 1454 ont
1266 1415 1402 1466 figure
1421 1417 1543 1454 notre
1558 1414 1722 1453 careme
1737 1423 1821 1465 que

242 1481 440 1522 devaieut
458 1480 610 1520 etablir
630 1480 801 1532 l'Eglise
822 1483 864 1519 et
882 1480 942 1519 les
962 1481 1156 1532 Apotres.
1179 1480 1288 1520 C'est
1317 1479 1526 1532 pourquoi
1558 1491 1664 1519 nous
1689 1477 1820 1517 lisons

244 1546 391 1595 d’Elie,
415 1545 604 1598 qu’etant
622 1557 695 1584 sur
714 1546 752 1585 le
772 1545 876 1584 bord
896 1545 952 1584 du
973 1547 1135 1584 torrent
1154 1544 1205 1583 de
1237 1545 1397 1594 Corith,
1420 1544 1490 1584 des
1522 1543 1734 1583 corbeuux
1758 1542 1821 1582 lui

245 1611 509 1664 apportaient
529 1611 663 1650 matin
682 1613 726 1650 et
745 1610 830 1650 soir
849 1610 904 1649 du
923 1610 1022 1662 pain
1044 1613 1086 1649 et
1105 1610 1156 1649 de
1176 1609 1217 1648 la
1235 1609 1403 1649 viande.
1419 1609 1535 1657 Mais,
1555 1607 1743 1661 lorsqu'il
1755 1607 1822 1648 fut

246 1678 274 1716 ὲ
290 1675 466 1716 l'ombre
485 1675 540 1715 du
564 1674 798 1727 genevrier,
821 1687 881 1713 un
902 1686 1087 1733 ungelne
1109 1674 1169 1713 lui
1189 1678 1366 1726 apporta
1386 1686 1467 1726 que
1488 1673 1543 1712 du
1564 1673 1663 1725 pain
1696 1676 1738 1712 et
1769 1672 1822 1712 de

245 1739 371 1781 l’eau.
394 1740 425 1780 11
446 1752 498 1780 ne
518 1740 739 1792 manquait
752 1752 826 1792 pas
849 1740 900 1778 de
920 1739 1129 1779 corbeaux
1150 1751 1256 1791 pour
1276 1739 1315 1779 le
1346 1738 1516 1778 nourrii·
1548 1749 1711 1778 comme
1743 1749 1822 1778 au-

247 1808 468 1859 paravant.
492 1805 523 1845 11
542 1805 690 1845 n’etait
708 1817 782 1857 pas
803 1805 974 1844 difficile
995 1807 1019 1843 ὁ,
1039 1817 1097 1843 1111
1119 1816 1230 1856 ange
1250 1805 1301 1843 de
1321 1804 1360 1843 le
1380 1803 1580 1855 pourvoir
1599 1803 1699 1843 d’un
1731 1803 1824 1856 plat

249 1869 307 1914 du
326 1869 390 1911 roi
409 1870 566 1910 Achab.
588 1869 746 1921 L’ange
777 1869 924 1909 n‘etait
954 1882 1028 1921 pas
1061 1869 1197 1908 moins
1229 1870 1447 1921 genereux
1477 1869 1523 1908 ni
1555 1868 1694 1908 moins
1713 1867 1824 1920 puis-

648 166 696 195 111
726 165 931 196 RA'ronAL
960 165 1035 194 nus
1067 155 1385 194 nemen-uuus.

254 2024 325 2061 bus
345 2028 381 2060 et
402 2023 578 2060 noctibus
599 2023 717 2060 voluit
735 2022 909 2069 jejunare
943 2034 1022 2059 non

256 2071 381 2109 sotum
402 2073 489 2118 quia
510 2071 611 2107 Elias
630 2075 666 2107 et
686 2070 833 2115 Moyses
847 2071 1022 2106 eumdem

254 2129 459 2156 numerum
476 2119 623 2164 jejunio
653 2123 935 2161 consecrarant,
958 2119 1021 2154 sed

256 2167 370 2204 etiam
392 2166 479 2212 quia
500 2165 648 2202 Goliatli
676 2166 722 2202 100
755 2165 888 2202 diebus
917 2171 1025 2202 stute-

256 2219 314 2251 rat
344 2213 578 2260 exprobrans
611 2213 772 2249 Israeli:
806 2213 867 2249 hic
899 2219 1022 2249 autem

257 2267 390 2316 typum
419 2261 570 2308 gerebat
591 2261 790 2303 daemonis,
813 2271 923 2307 quem
958 2271 1024 2297 suo

254 2319 293 2393 {e
311 2309 403 2346 unio
430 2308 729 2355 quadragenario
762 2307 931 2344 Christus
967 2319 1026 2344 vo-

274 2367 295 2394 e
322 2361 359 2393 at
416 2357 600 2402 ronigare.
623 2357 658 2392 3.
683 2355 759 2393 Nee
786 2356 869 2392 sine
891 2361 1024 2400 myste—

259 2403 316 2442 rio
362 2367 412 2441 ἥδ)
452 2403 646 2440 mensibus
685 2406 789 2449 (post
835 2403 1024 2450 jejunium

259 2451 508 2499 quadraginta
527 2451 688 2495 ‹liei-um)
711 2450 827 2486 voluit
847 2451 1024 2504 1111011100-

261 2509 300 2536 re
321 2503 357 2535 et
377 2498 644 2546 evangelizare.
667 2499 702 2535 ἆ.
728 2498 804 2535 Nec
825 2508 906 2534 sine
930 2509 1025 2543 mys-

260 2547 355 2584 10110
377 2551 459 2593 post
477 2546 722 2593 quadraginta
736 2546 845 2582 horas
865 2558 885 2582 u
908 2551 1025 2582 morti·

261 2606 283 2632 e
303 2593 504 2641 sepulchro
526 2594 642 2631 voluit
664 2603 868 2638 resurgere.
890 2594 925 2630 5.
950 2593 1026 2630 Nec

261 2642 344 2679 sine
367 2642 545 2687 mysterio
571 2652 637 2688 per
669 2641 915 2688 quadraginta
947 2641 1026 2677 dics

259 2700 284 2726 ι
302 2689 576 2726 resurrectione
597 2688 713 2725 voluit
736 2689 774 2725 in
803 2688 912 2725 terris
947 2699 1026 2735 por-

262 2747 431 2779 manere.
466 2741 505 2773 ut
537 2736 745 2783 discipulos
785 2735 1021 2772 confirmaret

262 2788 299 2822 et
319 2784 484 2821 erudiret
515 2784 561 2820 do
594 2794 709 2830 regno
745 2783 807 2819 Dei
841 2782 1025 2830 trequenti

263 2842 451 2870 sermone.
473 2831 534 2868 Sic
572 2831 710 2878 ubique
744 2841 924 2868 numerus
958 2830 1026 2867 iste

263 2879 586 2926 quadragenarius
607 2888 712 2916 sacer
741 2883 810 2921 est,
832 2883 868 2915 et
901 2878 1027 2924 mysti-

263 2936 344 2963 cus.
364 2927 400 2963 6.
437 2926 514 2964 Nec
547 2926 629 2963 sino
663 2925 842 2972 mysterio
874 2926 1026 2972 quadru-

264 2974 370 3020 elma
390 2974 504 3011 anuis
537 2973 745 3021 expectavit
765 2973 935 3011 Christus
958 2973 1025 3010 Ju-

1062 2024 1163 2060 ‹laeos
1181 2023 1227 2059 ad
1244 2023 1520 2068 poenitentiam,
1535 2028 1739 2070 antequam
1760 2034 1827 2070 per

1063 2072 1189 2107 Titum
1210 2071 1358 2107 ass'erret
1377 2071 1518 2107 civitati
1541 2071 1704 2107 ruinam.

1111 2119 1250 2155 Tertio.
1274 2118 1358 2155 Post
1377 2118 1567 2155 Christum
1590 2119 1759 2156 Ecclesia
1790 2123 1828 2155 et

1065 2166 1230 2213 Apostoli
1252 2176 1339 2202 mox
1361 2166 1473 2202 etiam
1496 2166 1535 2202 in
1558 2166 1701 2203 honore
1723 2166 1828 2203 huno

1064 2224 1265 2251 numerum
1296 2213 1522 2258 habuerunt,
1542 2214 1652 2250 illum
1680 2213 1827 2261 Jejunio

1063 2265 1330 2298 consecrantes
1347 2266 1381 2298 et
1413 2261 1588 2308 orationi,
1609 2261 1827 2308 exemplum

1064 2309 1215 2352 Christi,
1249 2309 1465 2355 exemplum
1504 2309 1657 2354 Moysis,
1695 2319 1829 2346 exem-

1065 2357 1168 2403 plum
1192 2357 1283 2393 Eliae
1304 2357 1507 2393 imitantes,
1532 2357 1595 2393 Isti
1617 2357 1721 2394 enim
1750 2356 1827 2394 duo

1064 2405 1165 2441 sicut
1193 2404 1339 2450 JeJunio
1372 2404 1523 2449 Christi,
1545 2405 1599 2441 sio
1632 2409 1668 2441 et
1699 2409 1830 2442 nostro

1066 2453 1162 2487 viani
1198 2452 1410 2495 initiarunt,
1437 2457 1473 2488 et
1504 2452 1830 2498 quadragesimam

1066 2505 1231 2535 nostram
1273 2499 1320 2536 ab
1359 2500 1384 2535 Α
1414 2500 1544 2536 ostolis
1588 2503 1624 2536 et
1660 2499 1830 2536 Ecclesia

1066 2547 1336 2583 instituendum
1357 2559 1377 2583 11
1407 2547 1641 2584 umbrurunt.
1657 2547 1762 2584 Unde
1782 2548 1830 2584 de

1068 2595 1146 2630 teliu
1169 2595 1343 2641 legimus,
1365 2595 1480 2641 quod,
1508 2604 1595 2631 cum
1622 2594 1769 2631 sederet
1787 2595 1830 2632 iu

1066 2647 1229 2678 torrento
1249 2642 1392 2686 Corith,
1414 2643 1513 2679 corvi
1541 2641 1760 2678 deserebant.
1792 2642 1829 2680 ei

1066 2700 1200 2735 panon·
1224 2694 1259 2725 ot
1291 2700 1423 2726 carnes
1453 2699 1564 2726 11111110
1592 2694 1628 2726 et
1666 2689 1827 2736 vespert.

1066 2738 1106 2772 Λι
1136 2737 1225 2772 ‹luin
1250 2737 1349 2782 jncet
1380 2735 1450 2773 sub
1486 2736 1616 2773 umbra
1645 2737 1830 2784 Juniperi,

1067 2784 1229 2827 Angelus
1248 2785 1282 2821 oi
1315 2783 1437 2820 solum
1472 2794 1608 2830 punem
1629 2789 1665 2821 et
1691 2794 1831 2832 aquam

1067 2830 1267 2867 ministrat.
1291 2831 1373 2870 Non
1395 2831 1609 2869 desuem-ant
1629 2832 1745 2877 corvi,
1790 2831 1831 2870 111

1065 2888 1150 2914 euni
1183 2883 1221 2914 ut
1240 2884 1328 2916 unto
1361 2883 1531 2926 poterunt
1563 2889 1728 2927 pascere.
1786 2888 1832 2919 eo

1065 2924 1220 2963 difficile
1240 2930 1318 2963 erut
1338 2926 1391 2963 An
1421 2926 1479 2963 olo
1499 2927 1545 2964 de
1564 2927 1737 2965 oonvivio
1756 2926 1832 2965 Ro-

1066 2972 1122 3020 gis
1159 2972 1286 3011 Achab
1323 2974 1358 3011 ei
1412 2974 1583 3012 eroulum
1620 2974 1830 3023 providere.
