1858 3146
0 2986 5 3003 b

0 3013 24 3090 Γ

457 152 666 192 3331111313
693 160 906 192 3311111333
934 150 1061 190 Α13115
1090 149 1363 191 1331333313.
1643 150 1695 193 51

123 244 167 283 et
203 252 284 294 que
321 243 414 282 tous
449 239 509 281 les
535 238 735 280 hienfaits
765 237 868 279 dont
910 237 942 278 il
987 250 1094 280 nous
1122 238 1285 278 comble
1316 242 1486 291 passent
1522 251 1600 293 par
1632 250 1696 280 ses

125 318 278 347 mains.
916 349 919 353 ,

179 371 273 418 Que
294 371 355 411 les
374 373 513 424 epoux
533 368 784 409 s’adressent
804 368 914 408 donc
932 370 958 408 3
975 369 1097 409 ,lesus
1128 373 1170 408 et
1200 368 1471 417 demandent,
1493 382 1570 421 par
1600 370 1698 411 l'in-

123 436 350 476 tercession
369 436 422 477 de
440 434 570 476 Marie
603 434 644 473 la
675 434 941 473 benedietion
972 434 1023 474 de
1052 434 1166 473 leurs
1197 445 1337 483 30335,
1358 434 1443 473 afin
1476 446 1558 486 que
1590 438 1699 476 cette

123 500 389 542 henediction
411 499 491 540 soit
510 499 731 539 l’henreux
749 498 893 549 debut,
917 499 959 539 13
977 498 1265 539 303113331103
1287 498 1337 538 de
1364 499 1456 538 leur
1487 499 1698 552 mariage,

123 565 278 606 311331·
295 565 494 606 obtienne
508 563 551 604 13
573 565 697 615 grace
728 563 1004 615 d'engendrer
1035 563 1149 603 leurs
1180 564 1346 603 enfants
1375 566 1399 603 3
1430 564 1472 603 13
1499 564 1567 604 vie
1587 565 1639 605 de
1658 566 1701 606 13

124 631 184 672 foi
203 635 245 671 et
264 631 316 671 de
334 630 375 670 la
394 629 519 682 piete‚
543 629 593 668 de
614 628 673 668 les
693 641 721 680 y
739 628 879 668 elever
898 631 940 669 et
960 629 1010 668 de
1042 629 1102 668 les
1133 642 1162 681 y
1190 629 1421 669 maintenir
1454 629 1697 671 fortement.

124 696 231 738 c’est
250 707 356 748 pour
376 694 542 734 obtenir
560 706 606 733 ce
624 694 802 733 resultat
822 706 903 746 que
924 694 1098 746 l'Eglise
1119 694 1299 746 invoque
1331 694 1630 746 specialement
1658 695 1701 736 13

125 762 239 802 mere
258 763 300 800 et
318 759 357 800 13
376 760 455 809 fils,
468 771 520 799 en
540 759 731 799 donnaut
751 771 833 798 aux
853 761 993 811 epoux
1012 762 1119 799 cette
1139 759 1406 798 benediction
1430 773 1469 799 z«
1490 760 1556 800 Sei
1563 772 1700 812 gneur

123 825 419 874 ,Iesus-Christ,
441 824 508 864 fils
526 824 578 865 de
599 824 704 864 Dieu
735 829 778 864 et
809 824 860 864 de
894 824 936 863 la
965 824 1273 864 bienheureuse
1295 825 1449 876 Vierge
1469 825 1601 866 Mario
1626 825 1700 878 qui

123 890 228 932 dans
259 890 299 930 le
339 889 512 930 Paradis
542 892 740 929 terrestre
772 902 871 929 avez
908 889 1081 928 institue
1126 890 1164 929 le
1209 890 1401 942 mariage
1439 902 1602 930 comme
1644 903 1702 943 un

125 954 271 996 devoir
289 957 330 995 et
350 955 439 1008 qui,
461 954 537 994 fait
556 955 727 995 homme
747 967 856 1007 pour
876 967 998 1002 3035,
1019 954 1149 994 Γ3ν3Ζ
1181 954 1296 994 eleve
1329 956 1355 994 3
1385 955 1426 994 13
1458 955 1620 1008 (1133113
1649 955 1702 997 (13

124 1023 360 1060 sacrament
389 1032 442 1060 en
474 1019 714 1060 l’honorant
745 1020 796 1060 de
831 1023 949 1059 votre
988 1022 1184 1072 presence
1214 1023 1256 1060 et
1287 1020 1339 1060 de
1371 1026 1488 1060 votre
1520 1022 1703 1074 premier

125 1085 309 1134 mirante,
326 1085 516 1136 daignez,
541 1098 618 1138 par
636 1085 695 1125 les
716 1085 885 1125 merites
904 1090 946 1125 et
978 1086 1037 1125 les
1069 1086 1225 1138 prietes
1249 1086 1300 1126 de
1321 1086 1363 1126 13
1383 1086 1538 1138 vierge
1571 1087 1702 1128 Mario

125 1154 168 1190 et
186 1150 237 1190 de
257 1153 352 1191 tous
373 1151 430 1190 les
450 1151 597 1200 saints,
619 1151 740 1190 benir
759 1163 866 1190 ceux
886 1163 968 1203 que
988 1163 1091 1190 vous
1123 1162 1222 1190 avez
1255 1151 1351 1190 3315
1379 1164 1455 1204 par
1485 1151 1545 1192 les
1572 1152 1703 1194 saints

125 1215 229 1256 liens
247 1215 304 1255 du
323 1216 528 1268 mariage,
550 1215 608 1256 les
638 1216 855 1268 preserver
886 1215 938 1255 de
971 1219 1063 1255 tout
1095 1216 1430 1268 empechement,
1454 1217 1626 1258 charme
1660 1220 1704 1259 31

127 1280 313 1320 malefice
344 1281 395 1320 de
428 1281 574 1331 Satan,
610 1280 703 1320 leur
734 1280 895 1320 donner
927 1281 968 1323 la
1002 1281 1229 1330 secondite,
1259 1294 1317 1320 un
1361 1282 1472 1321 saint
1515 1286 1557 1322 et
1598 1282 1705 1325 libre

128 1357 257 1396 usage
276 1345 333 1384 du
352 1345 542 1397 mariage
574 1350 615 1385 et
646 1345 686 1384 13
721 1347 845 1396 31333
878 1346 1110 1385 3333553113
1141 1358 1249 1397 pour
1280 1349 1431 1386 mettre
1465 1359 1519 1386 au
1546 1347 1704 1389 monde

126 1413 170 1450 et
188 1410 328 1450 elever
347 1422 430 1450 une
450 1410 610 1450 famille
631 1410 830 1461 agreable
852 1412 876 1448 3
896 1410 1000 1450 Π133
1033 1413 1074 1449 31
1107 1423 1192 1450 aux
1214 1411 1420 1459 hommes,
1443 1423 1498 1451 au
1520 1424 1622 1452 nom
1647 1413 1705 1453 du

127 1476 245 1526 Pete,
268 1475 323 1514 du
344 1474 428 1515 Fils
447 1479 488 1514 31
507 1475 562 1514 du
585 1475 883 1527 Saint-Esp1·it.
906 1475 1063 1526 (nicaei
1082 1475 1287 1528 Romaiu).
1311 1491 1330 1513 »

182 1541 294 1580 Nous
312 1540 532 1592 pourrious
553 1540 671 1589 citer,
694 1540 763 1589 ici,
786 1553 869 1579 une
891 1540 1004 1580 soule
1025 1540 1075 1580 de
1097 1540 1227 1580 saints
1246 1543 1384 1594 epoux
1404 1542 1492 1594 qni,
1507 1543 1705 1595 proteges

130 1607 173 1646 31
190 1603 312 1644 benis
329 1616 406 1656 par
426 1605 572 1655 Μ3113,
596 1608 668 1644 out
687 1607 836 1644 trouve
868 1605 971 1645 dans
1003 1606 1042 1646 le
1072 1606 1263 1657 mariage
1295 1608 1636 1648 non-seulement
1665 1607 1705 1649 13

125 1669 197 1710 vin
215 1669 380 1719 celeste,
404 1669 655 1710 e’est-a-dire
676 1670 736 1710 les
758 1671 905 1722 313335
925 1671 984 1710 135
1003 1672 1096 1723 plus
1118 1671 1381 1715 abondantes
1402 1679 1444 1713 et
1462 1672 1523 1713 les
1554 1686 1704 1714 conso-

126 1733 280 1775 latious
299 1735 355 1774 du
376 1734 469 1784 ciel,
486 1735 590 1775 mais
610 1738 686 1775 ont
704 1735 844 1775 donne
865 1748 920 1775 33
953 1737 1107 1776 monde
1144 1749 1228 1776 une
1261 1738 1462 1790 posterite
1496 1739 1631 1780 sainte
1662 1741 1706 1781 et

127 1800 350 1842 heureuse.
373 1799 482 1841 C'est
501 1800 610 1840 ainsi
630 1813 711 1853 que
731 1801 774 1841 la
792 1801 1010 1842 naissance
1030 1802 1081 1842 de
1101 1802 1213 1842 saint
1233 1803 1358 1843 Louis
1377 1804 1442 1843 roi
1462 1804 1513 1844 de
1529 1806 1705 1857 Franco,

127 1865 180 1912 de
199 1865 310 1906 saint
330 1865 477 1906 Elzear
496 1868 632 1906 comte
653 1866 869 1915 d'Ariano,
892 1867 943 1907 de
964 1867 1073 1907 saint
1092 1868 1302 1918 Edmond‚
1324 1869 1375 1909 de
1397 1870 1509 1910 saint
1529 1870 1700 1918 Robert,

128 1930 180 1972 de
198 1930 310 1971 saint
326 1931 464 1973 Andre
485 1931 535 1972 de
570 1932 744 1982 Fiesole,
770 1932 833 1972 fut
853 1932 1035 1973 obtenue
1056 1945 1133 1985 par
1149 1933 1192 1973 13
1211 1934 1411 1974 devotion
1436 1934 1508 1974 des
1538 1939 1707 1988 parents

130 2114 336 2150 dictionem
352 2115 496 2160 nuptiis
513 2115 590 2152 suis
608 2126 768 2162 peream
783 2117 899 2163 impe·
938 2122 1132 2159 3111331110,
1173 2123 1207 2154 et
1247 2118 1435 2155 maleficio
1474 2120 1637 2165 Satanae,
1669 2125 1706 2157 et

132 2166 244 2204 trent,
266 2167 300 2197 et
319 2162 466 2198 felicem
484 2163 573 2198 inde
597 2174 835 2208 progressum
857 2165 897 2200 in
936 2165 1024 2200 dare
1044 2166 1098 2200 eis
1112 2166 1395 2202 l'oeeundiiatem
1408 2168 1616 2212 3131311313
1631 2178 1706 2215 qua

131 2209 898 2258 matrimonio,adprolciniulideetpieta·
939 2212 1054 2248 libere
1088 2213 1233 2258 possint
1274 2214 1326 2250 uti
1365 2215 1622 2258 matrimonio,
1657 2215 1706 2252 ad

132 2260 167 2293 13
177 2257 410 2302 pariendum,
423 2258 636 2298 fovendam.
647 2259 896 2302 educandam,

131 2304 348 2344 sortiantur.
372 2305 464 2342 Nam
493 2307 606 2342 etiam
628 2306 795 2342 Ecclesia
815 2318 897 2343 eam

132 2361 219 2388 cum
242 2352 319 2388 tilio
340 2352 552 2398 specialiter
571 2354 616 2389 ad
653 2353 753 2390 hunc
783 2354 896 2391 31133-

133 2402 214 2436 13111
233 2399 397 2443 invocat,
412 2400 640 2446 conjugibus
663 2400 897 2438 benedictio-

133 2456 220 2483 nem
238 2446 336 2483 hanc
350 2448 572 2494 impertiens
588 2459 618 2484 :‹·
641 2449 797 2486 Domine
811 2450 897 2486 1353

132 2493 291 2536 Christe,
315 2495 384 2531 Fili
405 2495 471 2531 Dei
500 2501 535 2531 et
569 2495 794 2533 beatissimae
816 2497 898 2533 Vir-

134 2541 234 2587 ginis
256 2541 397 2586 Mariae,
423 2542 487 2588 qui
511 2543 550 2579 in
573 2544 748 2580 Paradiso
769 2544 897 2581 Matri-

132 2589 308 2626 monium
339 2589 535 2626 instituisli
571 2591 611 2628 in
649 2590 833 2635 officium,
863 2597 899 2628 31

133 2645 202 2682 pro
222 2636 332 2673 uobis
355 2637 467 2674 homo
488 2639 608 2675 lacius
628 2639 739 2676 eliam
769 2640 809 2676 in
829 2640 897 2675 Sa-

134 2689 386 2731 cramentum,
409 2689 472 2721 tua
491 2687 692 2732 praesentia
716 2698 760 2723 ac
782 2688 897 2724 mira-

134 2730 308 2780 culorum
340 2733 519 2779 primitiis
552 2734 753 2779 dignanter
788 2735 898 2771 11135-

137 2780 252 2823 trans,
314 2783 368 2822 tu,
407 2791 474 2834 per
519 2782 655 2817 merita
690 2786 726 2818 et
770 2793 900 2828 preces

135 2824 306 2872 Virginis
325 2827 466 2870 Mariae,
489 2832 524 2864 et
544 2829 719 2866 omnium
738 2829 899 2867 Sancto-

140 2881 236 2916 rum,
276 2873 343 2911 bos
380 2885 474 2922 quos
511 2886 617 2912 sacro
656 2877 899 2914 matrimonio

138 2919 385 2972 qouluuxisti,
406 2922 631 2960 benedicere
660 2923 842 2971 digneris,
864 2930 900 2962 31

138 2964 298 3009 liberare
319 2969 367 3006 ab
398 2970 504 3009 omni
536 2970 758 3018 ligamento,
783 2972 899 3010 fasci·

937 2261 1199 2306 generandum
1238 2266 1273 2297 et
1316 2262 1520 2298 fovendum
1560 2263 1705 2309 prolem

938 2312 1080 2353 gratam
1105 2308 1178 2344 Deo
1199 2314 1235 2344 et
1258 2309 1492 2352 homiuibus,
1515 2310 1557 2346 in
1579 2310 1707 2346 nomi-

938 2365 986 2391 ne
1007 2355 1138 2398 Patris,
1160 2361 1195 2392 et
1219 2356 1316 2399 Filii,
1339 2362 1374 2392 ct
1394 2357 1555 2410 Spiritus
1586 2359 1706 2395 Sanc-

938 2403 978 2438 ti.
1011 2419 1025 2436 n
1066 2403 1273 2440 Recensere
1313 2405 1374 2440 hic
1403 2405 1532 2441 liceret
1565 2407 1706 2442 multos

938 2450 1118 2497 conjuges
1142 2481 1149 2493 ,
1203 2452 1266 2498 qui
1318 2452 1445 2488 Mariae
1496 2453 1622 2489 favore
1668 2458 1706 2491 31

941 2498 1207 2535 benedictione
1229 2510 1306 2535 non
1327 2499 1451 2536 solum
1473 2500 1603 2537 vinum
1624 2511 1704 2538 coe-

939 2546 1029 2582 lcste
1062 2546 1102 2582 in
1143 2546 1321 2593 conjugio
1363 2550 1597 2593 repererunt,
1633 2548 1704 2586 hoc

938 2597 1006 2636 351,
1029 2594 1187 2640 gratiam
1209 2599 1245 2630 ct
1271 2594 1572 2632 consolationem
1592 2596 1704 2633 33111-

939 2645 997 2676 135
1018 2647 1251 2684 manantem,
1273 2642 1338 2677 sed
1366 2646 1401 2678 et
1433 2642 1561 2679 felices
1589 2654 1704 2680 sanc·

939 2687 1176 2735 tissimasque
1214 2689 1338 2735 proles
1383 2688 1465 2726 orbi
1502 2690 1702 2728 dederunt.

937 2736 997 2772 Sic
1035 2741 1189 2773 sanctus
1229 2736 1451 2782 Ludovicus,
1474 2737 1705 2776 Francorum

938 2783 1029 2826 Rex,
1048 2789 1199 2820 sanctus
1215 2783 1402 2820 Elzearius
1411 2785 1542 2822 Comes
1559 2786 1701 2830 Ariani,

938 2836 1091 2868 5333135
1117 2831 1353 2876 Edmundus,
1376 2837 1529 2869 sanctus
1559 2833 1705 2870 1101131·-

939 2883 1010 2923 135,
1034 2883 1186 2914 sanctus
1206 2878 1384 2915 Andraeas
1419 2880 1624 2918 Fesulanus
1654 2881 1704 2919 ob

939 2925 1114 2970 pietatem
1134 2935 1221 2971 erga
1242 2925 1499 2964 Beatissimam
1512 2928 1706 2975 Virginem

940 2973 1094 3010 Mariam
1114 2973 1192 3010 suis
1220 2974 1441 3020 parentibus
1473 2976 1581 3014 fuere
1611 2977 1709 3021 dati.
