1858 3146
1589 153 1671 193 28!

99 243 207 296 1105,
229 243 374 296 prieur
392 243 444 285 de
461 243 699 286 Gluirvau‘x,
719 252 772 281 ne
798 239 946 280 voulut
972 238 1127 290 jamais
1158 241 1351 290 acceptor
1385 239 1581 280 l'Evcche
1616 240 1670 280 de

99 309 302 359 'Pom-nai,
320 309 485 361 melgre
507 309 569 348 les
590 307 800 348 instances
812 305 866 344 du
881 315 988 356 pepe
1002 305 1178 355 Eugene
1197 306 1240 342 et
1258 303 1310 342 de
1330 316 1406 343 son
1426 304 1532 344 abbe
1553 305 1671 346 saint

98 374 302 415 Bernard.
324 375 455 426 Aprcs
474 386 522 413 sa
538 377 663 420 mort,
683 372 716 411 il
733 373 914 423 apparui
933 371 958 409 ὲ
978 382 1036 408 un
1063 368 1273 420 religieux
1304 373 1346 408 et
1376 369 1440 408 lui
1459 369 1522 409 dit
1543 384 1553 409 :
1581 386 1601 406 «
1620 371 1673 413 Jq

98 439 184 480 suis
202 440 343 480 seuve.
366 439 409 480 Si
424 438 574 490 j’avais
592 439 658 477 ete
677 436 860 488 Eveque‚
883 435 924 486 ie
945 446 1011 474 me
1030 434 1158 473 serais
1177 434 1344 472 damne.
1367 434 1416 473 Je
1437 433 1476 473 le
1497 435 1579 473 sais
1594 446 1671 487 par

98 514 183 547 une
201 503 432 544 revelation
451 503 502 543 de
518 503 559 542 la
580 503 713 542 sainte
731 500 907 541 Trinite.
926 514 944 537 »
968 499 1077 539 C'est
1095 498 1205 538 aussi
1219 511 1326 550 pour
1346 499 1432 538 cela
1448 510 1531 550 quc
1547 499 1619 538 Pie
1633 500 1668 539 V

99 569 224 609 dimit
253 570 427 608 souvent
450 578 459 606 :
482 581 502 603 α
536 566 686 614 Quand
713 565 854 616 j'eteis
884 564 1113 616 religieux,
1130 563 1282 615 j'avais
1313 563 1528 603 confiant-‚e
1562 574 1672 614 pour

99 640 199 674 mon
231 633 355 674 salut.
393 634 562 672 Devenu
602 630 812 678 cardinal,
829 630 906 682 J'ai
944 629 1136 669 tremble.
1159 630 1288 681 Pape,
1324 629 1411 680 j’en
1450 628 1671 681 desespere

99 710 294 751 presque.
314 711 335 735 ι)

121 791 128 795 -
151 766 197 804 4⁰
214 765 293 803 Les
311 762 408 810 rois,
430 762 490 801 les
510 762 689 814 princes,
710 760 770 800 les
786 761 911 812 juges
942 760 993 800 de
1027 759 1068 799 la
1103 763 1229 808 terre,
1260 758 1431 798 doivent
1452 758 1669 807 trembler,

98 839 224 880 parce
244 839 324 879 que
344 827 562 878 beaucoup
584 826 746 866 d'entre
767 838 851 865 eux
869 829 964 864 sont
984 826 1224 877 reprouvest.
1247 825 1304 864 Le
1335 824 1546 875 Seigneur
1578 824 1674 863 leur

98 892 192 933 dit:
218 907 238 930 ι(
256 891 337 932 J’ai
355 891 415 931 dit
437 904 448 931 ε
471 893 584 931 Vous
616 892 701 930 etes
722 891 792 930 des
823 891 965 938 dieux,
990 895 1032 930 et
1060 902 1164 928 vous
1197 891 1282 929 etes
1302 893 1396 929 tous
1423 889 1592 928 enfants
1612 889 1668 928 du

97 957 347 997 'fres-Haut.
368 957 471 997 Mais
490 969 593 996 vous
612 968 804 996 mourrez
824 968 987 996 comme
1007 955 1066 994 les
1086 956 1290 1003 hommes,
1315 958 1358 994 et
1377 967 1478 993 vous
1498 953 1665 994 tombe-

96 1032 165 1062 rez
194 1033 356 1062 comme
389 1022 476 1063 l’un
508 1022 580 1061 des
610 1022 788 1074 princes.
819 1020 901 1074 (Ps.
936 1032 1071 1069 LXXXI,
1096 1022 1153 1072 7.)
1182 1034 1202 1057 n
1244 1019 1379 1059 parmi
1414 1019 1473 1059 les
1504 1020 1678 1072 princes

97 1086 344 1139 angeliques
374 1092 416 1126 et
447 1088 507 1126 les
536 1088 678 1127 trones
709 1087 895 1136 celestes,
922 1086 1130 1138 plusieurs
1167 1088 1258 1124 sont
1295 1084 1672 1136 irreparablement

96 1151 260 1192 tombes
277 1152 381 1192 dans
400 1151 581 1199 l’abime‚
595 1151 717 1194 ainsi,
730 1151 938 1203 plusieurs
960 1151 1196 1191 tomberont
1218 1150 1269 1189 de
1291 1150 1401 1189 leurs
1420 1150 1666 1199 tribunaux,

98 1216 150 1258 de
167 1217 280 1256 leurs
299 1217 474 1264 chaires,
496 1217 546 1256 de
568 1218 679 1257 leurs
697 1217 899 1256 fanteuils
919 1221 959 1254 et
980 1216 1030 1255 de
1052 1216 1163 1255 leurs
1181 1217 1324 1255 trenes
1345 1215 1448 1254 dans
1482 1215 1539 1254 les
1570 1227 1667 1266 pro-

98 1281 298 1323 fondeurs
318 1283 369 1322 de
389 1282 550 1322 l'enfer.
574 1282 683 1322 C'est
701 1282 908 1334 pourquoi
928 1282 967 1321 lc
988 1281 1298 1332 Boi-Prophete
1318 1280 1410 1319 leur
1429 1280 1569 1319 donne
1605 1282 1673 1319 cet

100 1347 416 1387 avertissement
436 1360 445 1386 ε
473 1363 493 1383 «
514 1349 627 1386 Vous
646 1348 754 1387 donc
773 1348 1056 1391 maintenant‚
1073 1347 1097 1384 ὁ
1116 1346 1213 1393 rois,
1236 1356 1390 1383 ouvrez
1408 1347 1526 1383 voti-e
1547 1356 1666 1384 coeur

100 1413 124 1452 ὲ
142 1412 459 1464 l’intelligence3
481 1412 846 1461 instruisez-vous,
870 1423 971 1450 vous
992 1410 1064 1462 qui
1079 1410 1210 1460 jugez
1230 1409 1268 1448 ln
1289 1412 1415 1448 terre.
1440 1409 1592 1448 Servez
1626 1409 1666 1447 le

99 1476 308 1528 seigneur
328 1477 432 1516 dans
450 1477 492 1516 la
509 1477 681 1516 crainte.
701 1476 788 1528 (Ps.
812 1488 856 1522 11,
879 1478 931 1515 10
950 1479 991 1514 et
1014 1474 1096 1527 11.)
1123 1488 1141 1509 »ν

147 1543 194 1581 5⁰
213 1542 290 1581 Les
311 1553 590 1592 guerroyeurs
622 1546 663 1580 et
694 1541 753 1580 les
782 1543 1062 1593 conquerants
1095 1540 1267 1578 doivent
1299 1538 1515 1587 trembler‚
1544 1549 1672 1590 parce

97 1605 228 1659 qu’un
249 1606 380 1658 grand
400 1606 573 1645 nombre
594 1606 754 1645 d'entre
775 1618 858 1645 eux
890 1610 983 1644 sont
1015 1601 1191 1644 dam'nes
1223 1604 1559 1652 eternellement,
1583 1603 1668 1642 lnt-

95 1674 189 1712 tunt
219 1683 319 1710 avec
349 1671 408 1710 les
438 1674 676 1710 tourments
708 1674 750 1710 et
781 1671 873 1710 leur
892 1670 1047 1709 livrant
1066 1682 1149 1708 une
1172 1681 1324 1721 guerre
1351 1681 1445 1707 saus
1465 1668 1539 1708 fin.
1561 1669 1673 1708 c‘est

94 1747 201 1788 pour
218 1736 308 1776 cela
327 1735 431 1787 qu'il
450 1738 512 1774 est
531 1735 634 1774 ecrit
653 1735 755 1774 dans
776 1735 813 1774 le
834 1735 1039 1787 prophete
1059 1735 1165 1774 Isa'ie
1190 1748 1198 1774 :
1227 1748 1245 1771 (ι
1268 1734 1436 1774 L'enfer
1469 1746 1492 1772 a
1512 1734 1670 1773 cteudu

95 1812 160 1841 ses
175 1801 403 1847 entrailleS,
425 1804 467 1840 et
486 1801 515 1839 il
535 1812 559 1839 a
578 1803 727 1839 ouvert
757 1812 803 1840 sa
834 1800 987 1851 gueulc
1015 1799 1185 1851 jusqu'a'l
1217 1799 1384 1838 l'intini.
1421 1800 1472 1838 Et
1505 1803 1599 1838 tout
1620 1811 1667 1838 ce

96 1866 196 1919 qu’il
215 1879 243 1918 y
262 1878 287 1906 a
305 1866 357 1905 de
379 1866 581 1918 puissant‚
595 1865 798 1905 d'illustre
818 1868 859 1904 et
878 1865 929 1904 de
953 1865 1145 1915 glurieux
1165 1863 1269 1903 dans
1290 1863 1433 1911 lsrael,
1451 1875 1553 1902 avec
1574 1867 1672 1902 tout

94 1930 136 1972 le
153 1931 318 1983 peuple,
339 1944 368 1982 y
386 1931 614 1971 descendra
635 1942 687 1970 en
710 1930 839 1969 foule.
861 1929 922 1982 (v,
946 1929 1031 1981 14.)
1059 1945 1077 1964 ν)

521 163 734 195 mnucun
761 163 815 193 nu·
842 163 892 192 LA
921 153 1241 192 sem-umusmss.

0 2071 29 2112 *2⁴
95 2073 323 2111 elaraevaltis
343 2073 464 2110 noluit
483 2077 678 2120 acceptare
709 2072 862 2119 Episco-
901 2070 1048 2117 cipibus
1075 2070 1151 2106 illis
1181 2069 1378 2115 angelicis,
1401 2074 1436 2106 61
1456 2080 1476 2105 e
1508 2069 1673 2107 Turonis

94 2126 225 2169 patum
255 2121 551 2163 Tornaccnsem,
587 2124 742 2167 urgente
776 2120 861 2156 licet
900 2118 1117 2155 coelestibus
1139 2114 1249 2153 multi
1275 2118 1494 2153 ceciderunt
1526 2117 1673 2162 irrepa-

95 2169 262 2215 Eugenio
279 2168 524 2213 Pontificc,et
547 2168 653 2204 beato
676 2168 862 2204 Bernardo
901 2166 1068 2202 rabiliter
1107 2166 1146 2201 iu
1186 2165 1398 2208 abyssum3
1457 2164 1511 2200 sic
1559 2165 1671 2200 etiam

95 2216 249 2254 Abbate.
272 2219 440 2263 Cumque
460 2221 544 2262 post
564 2220 723 2252 mortem
743 2226 861 2261 appa-
899 2215 1010 2250 multi
1032 2224 1050 2249 e
1073 2213 1328 2249 tribunalibus
1358 2217 1393 2248 et
1425 2212 1629 2253 cathedris,
1652 2222 1674 2248 6

95 2264 231 2301 ruisset
269 2265 420 2300 cuidam
469 2264 678 2310 Religiom,
716 2263 807 2298 dixit
851 2273 858 2299 :

96 2312 193 2349 Eece
212 2311 336 2348 salvus
367 2322 467 2356 sum,
489 2312 519 2347 si
547 2315 674 2347 autem
707 2311 861 2346 fuissem

96 2359 144 2396 de
161 2369 321 2396 numero
344 2360 628 2406 Episcoporum,
643 2359 689 2394 de
703 2368 862 2394 numero

95 2406 251 2444 fuissem
272 2408 551 2453 damnatorum,
571 2407 620 2442 ita
640 2406 734 2442 mihi
755 2415 861 2442 sane-

95 2454 252 2492 tissimae
284 2455 477 2491 Trinitatis
517 2455 703 2490 revelavit.
721 2467 738 2487 n
776 2454 862 2489 lileo

97 2502 210 2539 etiam
230 2502 375 2538 solebat
393 2503 518 2538 dicere
540 2502 627 2538 Pius
647 2502 674 2538 V
698 2512 706 2537 ε
734 2516 746 2532 α
767 2503 858 2537 Cum

97 2559 217 2586 essem
240 2550 449 2596 Religiosus
476 2549 672 2596 sperabam
703 2548 797 2584 benc
816 2549 862 2584 (16

99 2597 230 2640 salute,
269 2598 478 2634 cardinalis
523 2598 643 2634 fuctus
687 2597 860 2641 extimui,

98 2643 271 2687 Pontifex
290 2650 437 2682 creatus
456 2655 553 2691 pene
573 2645 743 2691 despero.
762 2659 775 2675 ι»

142 2693 182 2727 4.
202 2691 350 2728 Timere
381 2693 520 2729 debent
553 2693 684 2738 Reges.
714 2691 861 2728 Princi-

99 2747 181 2791 pes,
204 2739 354 2776 ludices
391 2745 513 2781 terrae.
542 2741 629 2786 quia
667 2739 777 2775 multi
817 2749 861 2774 ex

99 2784 179 2821 illis
208 2787 468 2832 reprobantur.
495 2787 590 2824 Dicit
620 2787 696 2823 illis
732 2787 861 2823 Domi-

98 2841 223 2886 nus-:u
243 2834 319 2879 Ego
337 2835 440 2871 dixi:
460 2835 516 2872 Dii
535 2835 637 2879 estis,
653 2838 690 2870 et
704 2834 773 2870 tilii
794 2835 862 2870 Ex-

100 2879 192 2916 celsi
210 2889 343 2918 omues
360 2892 369 2918 2
390 2892 456 2919 vos
471 2887 598 2919 autem
618 2883 715 2920 sicut
737 2882 862 2918 homi-

99 2936 171 2981 nes
205 2927 437 2982 moriemini,
474 2934 510 2966 et
547 2930 640 2967 sicut
680 2939 779 2966 unus
817 2929 864 2965 de

100 2973 344 3022 Principibus
364 2977 516 3014 cadetis.
534 2991 551 3011 ι
573 2978 676 3015 Sicut
694 2982 730 3014 et
751 2976 862 3014 Prin-

901 2262 1047 2297 tbronis
1068 2267 1103 2295 et
1136 2261 1242 2296 soliis
1272 2261 1313 2296 in
1349 2260 1581 2306 profundum
1616 2260 1674 2296 in·

900 2310 996 2345 ferni
1036 2308 1299 2355 plorabuntur,
1327 2307 1411 2344 ideo
1444 2312 1571 2342 monet
1605 2317 1671 2343 605

902 2358 977 2392 Rex
999 2361 1033 2392 ct
1070 2356 1281 2402 Propheta:
1305 2368 1319 2386 «
1344 2356 1387 2390 Et
1419 2364 1522 2391 nunc
1557 2354 1675 2400 Reges
1735 2386 1754 2395 ,,
1787 2383 1791 2389 .

901 2404 1115 2450 intelligite.
1149 2403 1354 2439 erudimini
1393 2403 1456 2448 qui
1493 2402 1674 2447 judicatis

902 2458 1052 2494 terrum,
1073 2452 1213 2487 servite
1241 2451 1401 2486 Domino
1423 2450 1462 2485 in
1485 2451 1631 2486 timore.
1652 2463 1671 2484 n

947 2502 982 2535 55.
1005 2500 1153 2535 Timere
1185 2498 1323 2534 debent
1345 2497 1412 2533 viri
1444 2497 1615 2533 bellicosi
1635 2501 1673 2533 et

901 2548 1028 2590 fortes,
1050 2548 1137 2592 quia
1157 2547 1266 2582 inulti
1289 2556 1334 2581 ex
1356 2544 1448 2590 ipsis
1480 2549 1667 2581 aeternum

900 2595 1143 2637 damnantur,
1185 2593 1425 2630 cotluctaturi
1465 2601 1552 2628 cum
1593 2596 1672 2628 tor-

902 2643 1054 2685 mentis,
1075 2647 1110 2678 et
1131 2641 1273 2676 bellum
1306 2640 1388 2675 sine
1410 2639 1485 2675 fine
1506 2638 1673 2676 habituri

900 2701 988 2727 cum
1022 2690 1111 2725 11115.
1151 2689 1237 2724 ldco
1274 2687 1413 2724 dicitur
1445 2688 1542 2733 apud
1582 2687 1673 2723 Pro·

902 2738 1053 2784 phetam
1087 2737 1236 2779 Isaiam,
1274 2745 1357 2781 cap.
1381 2746 1403 2771 v
1427 2745 1435 2770 z
1456 2750 1469 2766 «
1497 2734 1673 2776 Dilatavit

901 2786 1073 2821 infernus
1111 2785 1281 2819 animam
1314 2792 1437 2826 suam,
1458 2786 1494 2818 et
1524 2781 1676 2828 aperuit.

901 2844 943 2869 os
975 2842 1084 2868 suum
1124 2830 1266 2875 absque
1305 2830 1383 2866 ullo
1422 2831 1601 2874 termino,
1634 2833 1671 2866 et

901 2879 1179 2916 descenderunt
1199 2879 1313 2914 fortes
1331 2877 1428 2923 ejus,
1448 2882 1485 2913 et
1505 2876 1671 2924 populus

901 2929 996 2974 ejus,
1022 2930 1058 2962 et
1092 2925 1239 2962 similes
1265 2925 1495 2972 gloriosique
1526 2925 1621 2970 ejus.
1652 2938 1670 2956 ι

947 2975 983 3010 6.
1020 2974 1168 3010 Timere
1199 2972 1339 3010 debent
1370 2972 1550 3019 conjugio
1578 2971 1669 3008 ads-
