1858 3146
199 163 279 203 618

199 250 340 290 cience
358 249 420 289 lui
438 248 621 289 rendant
639 249 679 288 le
698 248 972 301 temoignage
993 247 1117 287 d’une
1137 247 1204 287 vie
1223 259 1319 287 5665
1336 246 1541 299 reproche
1561 250 1603 288 et
1620 245 1766 288 l'assu-

199 316 298 355 rant
316 313 418 366 qu’il
436 314 582 356 sortait
615 313 666 353 de
696 325 741 353 ce
766 313 935 363 monde,
959 314 1128 364 exempt
1147 311 1197 351 de
1225 314 1320 351 tout
1336 311 1480 364 peche,
1504 325 1555 352 66
1578 311 1699 364 point
1716 312 1769 354 de

199 378 375 432 pouvoir
406 378 494 418 dire
531 390 632 418 avec
661 378 938 419 Jesus-Christ
967 375 1097 430 (dean.
1118 387 1206 427 xxv,
1227 375 1294 429 30)
1319 389 1329 416 ε
1355 392 1375 413 «
1397 378 1452 417 Le
1485 377 1632 418 Prinee
1653 377 1704 418 de
1722 390 1770 418 66

201 443 356 484 monde
380 447 442 483 est
459 455 570 483 venu
590 446 633 483 et
651 443 679 482 il
701 443 770 483 n’a
789 443 879 483 rien
900 443 1048 482 trouve
1068 453 1120 481 en
1140 441 1226 481 moi
1246 441 1320 494 qui
1337 441 1398 481 lui
1430 442 1723 494 appartienne,
1745 457 1766 478 »

201 511 244 550 et
262 521 498 562 prononeer
517 511 624 549 cette
641 511 761 548 autre
781 508 924 560 parole
939 508 989 547 de
1011 506 1243 558 l'Evangile
1265 506 1578 558 d'aujourd'hui
1600 520 1610 547 ε
1636 523 1657 544 «
1690 507 1772 555 Qui

202 574 254 614 de
273 586 375 614 vous
394 585 462 613 me
482 574 733 613 convaincra
753 573 933 612 d'aucun
953 571 1113 624 peche?
1133 587 1152 608 >2

255 640 298 680 3⁰
317 638 591 679 Jesus-Christ
621 637 977 689 Notre-Seigneur
997 649 1103 676 nous
1124 639 1291 676 mentre
1325 649 1406 689 que
1434 636 1773 677 non-seulement

202 716 249 744 56
267 703 333 744 vie
354 707 416 743 est
435 703 798 756 irreprehensible,
813 702 919 741 mais
940 714 1020 754 que
1041 714 1086 741 56
1107 701 1296 741 doctrine
1317 700 1409 742 l'est
1429 702 1560 751 66551;
1584 701 1697 741 66551
1713 702 1774 742 165

202 769 312 811 Juifs
329 770 491 809 sont-ils
511 767 797 808 inexcusables
817 767 868 807 de
888 779 941 806 ne
960 779 1034 818 pas
1053 767 1091 807 16
1111 767 1300 807 recevoir
1319 779 1483 807 comme
1506 767 1544 807 le
1567 766 1714 808 Messie
1731 769 1775 808 et

204 834 255 875 de
275 847 327 874 ne
345 846 420 887 pas
440 837 607 873 ecouter
626 845 672 872 56
691 833 788 872 voix
808 832 881 884 qui
901 834 963 872 est
982 832 1023 871 16
1043 833 1140 872 voix
1154 832 1205 872 de
1224 832 1265 872 la
1285 832 1431 872 verite.
1454 832 1488 873 Il
1507 832 1600 872 leur
1628 843 1775 885 repro-

204 898 281 939 che
299 899 391 939 leur
410 899 709 949 aveuglement
729 897 779 937 de
800 896 1023 936 s’attacher
1043 909 1097 936 66
1117 897 1273 946 (1161116,
1295 897 1433 949 plutot
1453 909 1534 950 que
1555 897 1606 937 de
1626 897 1773 937 s’atta-

204 964 304 1005 cher
325 966 349 1003 6
369 963 443 1012 161,
463 963 641 1015 puisque
662 962 770 1002 celui
790 961 921 1014 (Jean.
946 973 1035 1010 vm,
1058 962 1125 1015 44)
1149 978 1169 999 «
1190 962 1263 1015 qui
1283 962 1352 1002 n'a
1371 974 1444 1014 pas
1465 975 1512 1002 su
1532 963 1776 1014 perseveret

205 1029 308 1069 dans
326 1028 368 1068 la
387 1028 516 1068 verite
538 1042 557 1065 2>
582 1039 635 1067 ne
656 1026 715 1066 les
735 1031 1002 1079 trompeque
1036 1039 1112 1079 par
1131 1027 1202 1066 des
1221 1039 1475 1078 mensonges
1495 1030 1536 1067 et
1554 1027 1624 1067 n’a
1644 1026 1776 1080 qu’un

206 1093 296 1135 seul
313 1093 405 1141 but,
426 1092 536 1133 celui
556 1093 607 1131 (16
635 1092 695 1131 165
726 1092 897 1144 perdre;
919 1092 1060 1131 tandis
1094 1104 1176 1144 que
1206 1092 1268 1131 lui
1300 1092 1405 1132 n’est
1436 1104 1546 1132 venu
1567 1104 1648 1145 que
1668 1103 1778 1145 pour

204 1158 298 1199 leur
328 1158 437 1199 salut
467 1170 519 1198 en
551 1157 642 1197 leur
674 1160 891 1197 montrant
920 1157 959 1197 16
995 1157 1161 1196 chemin
1195 1158 1246 1197 (16
1276 1157 1319 1197 16
1350 1157 1418 1197 vie
1438 1162 1479 1198 et
1498 1158 1548 1198 de
1569 1158 1610 1198 16
1629 1157 1776 1198 verite.

205 1224 314 1273 Quoi
351 1224 401 1264 de
433 1224 524 1276 plus
556 1222 823 1263 inexcusable
855 1234 937 1274 que
966 1222 1017 1262 de
1051 1234 1104 1262 ne
1137 1235 1211 1275 pas
1244 1222 1430 1263 recevoir
1459 1223 1567 1263 celui
1599 1223 1673 1276 qui
1701 1223 1781 1263 fait

205 1290 349 1330 briller
369 1288 598 1340 l’integrite
618 1288 721 1327 dans
742 1300 806 1327 ses
826 1299 981 1327 moeurs
1001 1291 1043 1327 et
1062 1287 1103 1327 16
1116 1287 1248 1327 verite
1264 1288 1368 1327 (1665
1382 1300 1427 1327 56
1441 1287 1659 1328 doctrine?
1674 1287 1780 1329 Mais

207 1355 249 1395 16
266 1355 409 1408 parole
429 1366 510 1407 que
529 1353 609 1394 Job
629 1353 832 1393 adressait
863 1355 887 1392 6
919 1352 1099 1392 certains
1130 1353 1322 1392 hommes
1355 1353 1407 1393 de
1439 1365 1515 1393 506
1535 1358 1669 1406 temps
1688 1363 1783 1393 5616

207 1420 401 1473 toujours
418 1420 533 1460 vraie
552 1418 667 1472 (Job.x
681 1430 794 1467 xxw,
821 1418 888 1471 13)
912 1430 921 1457 ε
949 1432 969 1456 (ι
989 1418 1042 1457 115
1062 1420 1137 1457 ont
1157 1420 1222 1458 ete
1251 1417 1428 1458 rebelles
1459 1421 1484 1458 6
1517 1418 1559 1458 16
1578 1417 1778 1466 lumiere;

208 1485 259 1525 ils
279 1485 399 1525 n’ont
418 1485 539 1537 point
558 1497 698 1524 60666
718 1483 778 1523 165
797 1483 911 1523 voies
931 1483 982 1523 de
1002 1483 1121 1532 Dieu,
1144 1487 1186 1523 et
1206 1483 1255 1522 ils
1276 1495 1329 1523 ne
1348 1486 1445 1523 sont
1463 1483 1584 1536 point
1603 1494 1781 1523 revenus

209 1550 314 1591 (16115
334 1563 396 1590 565
416 1550 606 1590 56611615.
630 1564 649 1587 »

263 1615 316 1656 115
336 1618 431 1655 sont
450 1627 611 1655 comme
631 1627 697 1654 665
714 1614 929 1654 habitante·
949 1613 999 1652 de
1019 1613 1165 1653 l’Atlas
1186 1615 1226 1653 et
1240 1613 1290 1652 de
1311 1612 1549 1664 l’Ethiopie,
1569 1612 1671 1653 dont
1683 1624 1781 1665 par-

209 1681 300 1721 lent
318 1681 376 1720 les
395 1681 633 1727 historiens,
659 1679 731 1732 qui
750 1682 845 1719 sont
858 1677 1075 1718 tellement
1089 1678 1280 1717 ennemis
1300 1678 1355 1717 du
1389 1677 1508 1717 501611
1542 1677 1670 1729 qu’au
1691 1688 1782 1717 mo-

210 1751 328 1788 ment
349 1746 400 1786 de
419 1758 495 1786 son
518 1745 627 1785 lever
647 1748 689 1784 et
709 1745 761 1784 (16
781 1756 855 1783 506
876 1743 1069 1791 60661161,
1087 1743 1137 1782 115
1152 1741 1404 1794 l'attaquent
1418 1753 1518 1782 avec
1531 1742 1645 1782 leurs
1660 1741 1785 1782 61616-

211 1811 388 1852 dictions
407 1822 569 1850 comme
589 1822 687 1849 avec
708 1809 778 1848 des
799 1809 971 1861 pierreS,
993 1808 1034 1847 16
1052 1808 1146 1846 nuit
1164 1807 1338 1846 obscure
1358 1807 1462 1859 plait
1483 1808 1508 1846 6
1527 1819 1594 1847 665
1610 1806 1786 1859 peuples

213 1889 267 1917 66
301 1877 394 1915 noir
424 1876 585 1927 visage.
619 1876 677 1914 De
709 1874 846 1913 meme
869 1888 887 1909 (ι
910 1874 932 1913 J
937 1873 1193 1912 esus-Christ
1221 1875 1283 1912 est
1313 1884 1421 1912 venu
1459 1884 1512 1912 en
1550 1884 1595 1912 ce
1632 1871 1787 1912 monde

213 1953 376 1982 comme
396 1941 435 1980 16
455 1941 568 1980 vraie
589 1940 780 1989 lumiere‚
803 1943 844 1978 et
862 1938 922 1978 les
941 1938 1133 1977 hommes
1152 1941 1226 1977 ont
1244 1937 1389 1977 mieux
1407 1937 1517 1977 aime
1539 1937 1580 1976 16
1606 1936 1786 1977 16611616

618 171 665 199 LE
695 169 898 200 RATIONAL
925 169 999 198 DES
1028 159 1346 199 PRfiDICATEURs.

266 2078 352 2114 llaec
391 2082 468 2113 erat
506 2088 575 2114 vox
604 2076 712 2113 bonae
739 2075 983 2112 conscientian

215 2125 386 2163 testantis
401 2126 525 2172 ipsum
541 2123 859 2161 sineotl‘endiculo
875 2124 982 2159 vixis-

215 2185 270 2218 se,
291 2178 328 2210 et
359 2173 521 2209 liberum
553 2185 575 2209 a
607 2176 759 2218 peccato
793 2171 910 2214 exire,
934 2171 983 2206 ita

216 2226 258 2259 ut
277 2226 402 2268 posset
421 2221 546 2257 (licere
566 2230 653 2256 curn
674 2219 820 2255 Christo
844 2229 851 2254 :
874 2231 886 2249 ι(
913 2219 982 2254 Ve-

216 2269 272 2306 nit
294 2269 473 2315 Princeps
495 2268 606 2314 hujus
640 2267 785 2310 mundi,
807 2271 842 2303 et
863 2267 903 2302 in
926 2277 983 2301 me

217 2328 296 2356 non
318 2316 430 2353 habet
450 2316 670 2363 quidquam,
696 2331 708 2346 n
733 2319 770 2351 et
790 2314 882 2350 illud
912 2314 981 2349 bo-

216 2365 339 2403 dierni
361 2364 552 2409 Evangelii
572 2374 580 2398 :
603 2376 615 2394 ⁸‹
640 2362 730 2407 Quis
763 2372 822 2398 mc
854 2365 984 2407 arguet

217 2413 264 2451 66
284 2414 466 2460 peccato?
487 2425 500 2444 ι

265 2460 435 2498 Christus
458 2459 639 2495 Dominus
668 2468 744 2494 non
774 2456 896 2493 solum
926 2455 983 2491 vi—

219 2513 295 2545 tam
333 2518 439 2545 suam
473 2518 554 2543 6556
599 2503 982 2552 irreprehensibilem,

219 2556 284 2594 sed
305 2557 415 2593 etiam
437 2555 650 2591 doctrinam
672 2552 836 2590 ostendit
855 2568 864 2594 ;
887 2551 984 2588 idco·

219 2613 293 2651 que
326 2602 603 2640 inexcusabiles
631 2612 712 2637 esse
735 2600 900 2644 1661605,
921 2598 984 2645 qui

219 2661 306 2689 eum
327 2657 365 2688 ut
386 2651 559 2688 tiles-‚siam
582 2660 658 2686 non
692 2648 891 2694 recipiunt,
915 2656 985 2683 666

218 2709 349 2735 vocem
370 2699 451 2745 ejus
470 2698 642 2738 audiunt,
657 2707 785 2732 vocem
807 2694 983 2731 veritatis.

220 2746 273 2783 Ex
306 2746 429 2783 rebrat
449 2746 502 2782 eis
535 2744 758 2786 comitatem,
783 2743 882 2790 quod
903 2742 985 2779 dia·

222 2793 269 2832 bo
286 2804 308 2831 o
328 2794 451 2841 potius
475 2793 667 2829 adhaerere
698 2791 851 2837 etigunt,
901 2799 985 2827 uam

220 2841 314 2886 sitm
335 2852 422 2879 cum
457 2845 582 2877 tamen
605 2839 756 2876 nonnisi
791 2849 878 2875 men
906 2838 987 2875 aci-

224 2893 278 2927 tcr
298 2900 362 2926 605
374 2888 550 2936 decipiat,
568 2888 631 2934 qui
651 2902 664 2919 ι
682 2887 721 2923 in
737 2886 890 2922 veritate
910 2896 986 2923 non

222 2937 337 2982 notit,
360 2951 375 2971 ι
400 2940 437 2973 et
457 2935 610 2973 nonnisi
644 2934 798 2982 perdere
830 2943 893 2983 605
926 2933 987 2970 in-

224 2984 352 3022 tendat
373 2995 382 3021 :
405 2984 485 3031 ipse
515 2987 641 3020 autem
683 2981 841 3019 nonnisi
872 2981 989 3028 gratia

1022 2075 1153 2111 salutis
1183 2085 1313 2111 eorum
1348 2074 1503 2118 venerit,
1524 2074 1623 2110 viam
1657 2077 1788 2110 osten-

1021 2123 1115 2159 dens
1150 2122 1234 2158 vitae
1271 2126 1307 2159 et
1341 2122 1517 2159 veritatis.
1560 2121 1657 2165 Quid
1697 2129 1789 2158 nam

1022 2170 1332 2213 inexcusabilius,
1353 2179 1465 2215 quam
1499 2179 1585 2206 eum
1616 2178 1695 2205 non
1726 2178 1789 2205 re-

1022 2219 1158 2265 cipere,
1183 2218 1222 2254 16
1242 2218 1349 2262 cujus
1375 2216 1546 2254 moribus
1578 2215 1788 2262 integritas,

1023 2267 1061 2302 in
1082 2266 1190 2312 quus
1209 2265 1381 2302 doctrina
1409 2264 1573 2301 maxime
1602 2263 1791 2301 elucescat

1024 2314 1194 2350 veritas?
1233 2313 1303 2350 Sed
1340 2323 1468 2349 verum
1508 2312 1577 2348 suit
1613 2312 1659 2348 de
1697 2310 1791 2348 isis

1023 2362 1121 2408 quod
1141 2360 1210 2397 lob
1231 2360 1323 2397 dicit
1341 2360 1387 2396 de
1402 2359 1652 2407 quibusdam:
1673 2372 1687 2391 (ι
1730 2357 1791 2406 psi

1023 2413 1111 2445 sunt
1133 2408 1449 2445 rebelleslumiui
1480 2411 1516 2443 et
1549 2406 1791 2443 nesciverunt

1024 2458 1100 2492 vias
1133 2457 1228 2502 ejus,
1249 2461 1286 2492 et
1318 2455 1520 2492 noluerunt
1559 2454 1693 2491 reverti
1723 2463 1792 2501 per

1023 2505 1176 2540 semitas
1197 2504 1291 2550 ejus.
1321 2518 1334 2535 υ

1070 2552 1219 2588 Similes
1282 2551 1434 2588 fuorunt
1498 2548 1647 2596 populis
1713 2547 1792 2585 illis

1025 2599 1313 2645 Atlitanticis‚et
1359 2597 1558 2635 6111656616
1589 2594 1792 2643 AEthiopiae

1026 2646 1297 2683 habitatoribus
1333 2610 1382 2683 116
1428 2644 1564 2693 quibus
1608 2646 1793 2681 testantur

1026 2693 1215 2741 historici,
1256 2693 1343 2741 quin
1387 2692 1533 2730 inimici
1571 2691 1646 2728 sint
1684 2690 1793 2736 solis,

1025 2745 1134 2788 quom
1153 2752 1198 2778 66
1231 2746 1398 2787 tempore
1432 2744 1535 2778 ortus
1567 2743 1602 2776 et
1635 2747 1794 2775 occasus

1026 2754 1356 2826 maledictionibus
1411 2788 1543 2841 ipsum·
1593 2787 1791 2840 impetant,

1026 2837 1131 2892 quasi
1172 2837 1204 2872 la
1235 2836 1391 2881 ictibus3
1449 2835 1566 2880 nigris
1611 2843 1698 2870 nam
1740 2843 1795 2870 15-

1027 2890 1073 2921 us
1106 2895 1204 2931 popu
1225 2885 1256 2921 is
1294 2883 1401 2931 nigra
1456 2893 1532 2919 nox
1589 2880 1794 2929 perplacet..

1027 2933 1087 2969 Sic
1108 2932 1278 2969 Christus
1293 2935 1484 2986 tamquam
1510 2942 1524 2962 (ι
1548 2929 1613 2967 lux
1633 2926 1801 2967 venitin

1029 2980 1233 3027 mundum,
1272 2983 1309 3018 et
1355 2978 1572 3016 dilexerunt
1624 2975 1801 3015 homine·
