1858 3146
126 266 262 315 sestis,
283 264 322 306 le
341 263 459 304 501811
477 263 528 304 (18
547 263 588 303 18
609 264 748 316 grace,
770 275 812 303 se
831 266 973 312 retire,
996 266 1113 304 toute
1134 265 1278 317 espece
1299 264 1353 304 de
1372 265 1565 306 tenebras
1579 268 1622 307 et
1643 266 1695 307 de

105 358 108 361 -
127 329 340 371 malheurs
360 328 421 368 lui
440 326 677 368 succedent.

181 394 394 446 Pourquoi
413 393 472 433 les
502 392 610 434 Juifs
641 391 804 432 sont-ils
835 392 1053 432 demeures
1084 393 1262 446 plonges
1292 394 1396 434 dans
1422 394 1482 435 les
1513 396 1695 448 epaisses

126 458 319 500 tenebres
357 458 460 497 dont
488 457 539 496 ils
571 460 666 497 sont
694 457 961 509 enveloppeS,
991 460 1033 496 et
1061 459 1271 510 pourquoi
1308 460 1477 500 sont-ils
1513 461 1695 502 lein-du

126 524 252 573 salut,
274 523 307 563 si
328 535 373 562 ce
392 522 498 562 n'est
519 534 643 575 perce
664 534 744 574 que
763 522 883 563 Jesus
903 521 1000 562 s'est
1030 523 1156 563 cache
1187 524 1339 565 d’eux‘?
1359 526 1571 578 Pourquoi
1603 526 1696 567 leur

126 588 282 641 temple
302 591 344 628 et
362 588 453 628 leur
473 588 553 628 cite
576 587 875 628 n’existent—ils
895 588 1004 639 plus,
1027 589 1235 641 pourquoi
1254 589 1366 629 leurs
1385 591 1489 630 fetes
1509 594 1551 631 et
1584 592 1697 632 leurs

126 653 331 694 sacrifices
351 653 493 692 ont-ils
514 654 624 693 cesse
645 652 854 700 d’exister‚
880 653 913 691 si
932 664 978 692 ce
1009 653 1114 693 n’est
1146 666 1269 705 parce
1301 654 1425 706 qu’ils
1456 656 1575 695 n’ont
1603 656 1697 708 plus

126 719 218 759 leur
230 718 394 759 Christ?
415 718 627 770 Pourquoi
647 721 739 758 1881
759 717 810 757 (18
830 719 1005 770 peuples
1025 722 1068 758 et
1088 722 1180 758 1801
1212 718 1262 758 (18
1296 719 1515 771 provinces
1539 721 1695 772 gemis-

126 783 286 824 sent-ils
306 783 409 822 dans
429 782 488 822 les
507 782 701 822 tenebres
721 782 771 822 de
794 783 969 822 l'erreur
988 788 1030 823 et
1050 784 1100 823 de
1115 783 1323 834 l'heresie,
1344 784 1379 823 si
1400 797 1444 824 ce
1460 785 1562 825 n’est
1575 798 1698 838 parce

124 847 250 901 qu'ils
270 851 344 888 ont
373 847 491 887 irrite
525 847 629 887 Dieu
661 859 738 900 par
769 847 882 887 leurs
912 848 1061 888 crimes
1093 853 1134 887 et
1166 848 1289 901 qu'ils
1321 849 1424 888 l’ont
1443 862 1495 890 en
1516 851 1696 903 quelque

126 917 238 954 sorte
259 913 403 953 chasse
423 912 510 952 loin
533 912 687 954 d'eux‘?
708 913 830 952 Aussi
853 913 912 952 les
943 914 1061 952 8-1-11
1093 914 1360 954 abandonnes
1383 930 1402 951 «
1423 927 1476 954 88
1509 915 1619 955 desir
1645 916 1698 957 de

125 978 217 1019 leur
236 990 366 1027 coeur,
384 980 425 1018 et
444 977 494 1016 ils
508 977 777 1017 marcheront
796 978 896 1017 (1885
916 979 987 1018 (185
1009 979 1120 1018 voies
1153 979 1276 1031 qu'ils
1308 982 1383 1018 ont
1415 980 1645 1030 inventees‚
1672 995 1692 1019 »

122 1055 178 1085 88
216 1043 445 1083 cherchant
476 1045 521 1082 et
556 1054 607 1082 en
645 1043 923 1094 poursuivant
963 1044 1151 1095 toujours
1183 1044 1235 1084 de
1268 1044 1481 1084 nouvelles
1513 1058 1695 1086 erreurs.

124 1108 338 1161 Pourquoi
356 1107 474 1148 cela?
493 1109 622 1147 Parce
643 1120 723 1160 que
747 1124 767 1144 «
791 1120 886 1147 mon
909 1108 1075 1160 peuple,
1099 1108 1159 1148 dit
1179 1109 1218 1148 le
1238 1109 1464 1161 Seigneur,
1488 1109 1557 1150 n'e
1576 1110 1698 1163 point

124 1174 271 1214 ecoute
291 1185 360 1213 ma
379 1172 493 1223 mix,
515 1175 557 1212 et
579 1185 631 1212 ne
651 1173 748 1213 s’est
769 1173 889 1225 point:
908 1173 1106 1226 applique
1127 1175 1153 1213 8
1172 1174 1450 1215 m’entendre.
1469 1174 1555 1228 (Ps.
1575 1187 1692 1227 mxx,

125 1240 174 1279 12
196 1242 238 1278 et
257 1238 343 1291 13.)
359 1253 378 1276 n

180 1297 324 1344 Sainte
347 1303 618 1355 Hildegarde,
641 1303 806 1343 animee
827 1303 925 1343 d'un
945 1303 1074 1356 esprit
1095 1304 1373 1356 prophetique
1393 1308 1434 1344 et
1462 1307 1698 1358 prevoyant

122 1369 255 1422 qu'un
271 1369 372 1420 jour
391 1368 421 1407 il
454 1368 638 1408 faudrait
663 1369 855 1421 deplorer
875 1369 915 1408 18
937 1372 1053 1421 perte
1075 1369 1126 1408 de
1147 1369 1187 1408 18
1214 1369 1271 1408 soi
1292 1370 1427 1421 parmi
1447 1369 1506 1410 les
1526 1370 1698 1423 peuples

123 1434 176 1474 de
195 1434 235 1473 la
255 1433 490 1482 Germanie,
514 1434 554 1473 18
573 1434 711 1486 predit
730 1446 822 1474 vers
842 1434 1002 1474 l'annee
1024 1436 1130 1475 1180
1161 1438 1202 1474 et
1235 1447 1285 1473 88
1319 1434 1460 1475 donna
1494 1435 1535 1474 18
1560 1436 1698 1476 raison

120 1510 175 1540 en
199 1510 264 1539 885
296 1503 447 1538 termes
470 1513 479 1539 z
504 1501 579 1539 Les
598 1499 789 1539 hommes
820 1512 862 1538 58
898 1500 1197 1551 precipiteront
1225 1499 1327 1538 (1885
1360 1503 1453 1539 1881
1485 1500 1535 1539 (18
1555 1500 1696 1540 varia-

122 1564 234 1604 tions
253 1567 294 1603 et
312 1562 519 1603 d’erreurs
532 1563 656 1616 qu'ils
677 1576 729 1604 ne
749 1569 922 1604 sauront
943 1564 1036 1616 plus
1056 1565 1127 1617 qui
1148 1565 1280 1604 croire
1301 1577 1354 1604 en
1387 1567 1504 1604 toute
1535 1566 1690 1606 surete.

120 1629 175 1670 Et
195 1629 236 1669 18
255 1628 391 1669 divine
407 1628 558 1680 justice
578 1628 616 1669 18
635 1633 881 1682 permettra‚
903 1641 1025 1681 perce
1046 1641 1141 1681 que,
1159 1629 1306 1682 depuis
1323 1629 1565 1682 longtemps
1584 1630 1692 1683 deja,

120 1693 267 1740 vivant
288 1693 392 1733 (1885
422 1693 464 1733 la.
494 1693 745 1746 negligence
778 1697 819 1734 et
838 1693 878 1733 18
909 1706 1092 1747 piu-esse,
1115 1707 1222 1734 nous
1241 1697 1466 1746 attaquons
1485 1694 1526 1734 18
1544 1695 1602 1735 foi
1621 1707 1697 1748 par

100 1772 103 1773 ⁷
122 1762 245 1799 notre
265 1758 331 1798 vie
358 1761 400 1798 et
417 1770 494 1810 per
513 1771 590 1798 nos
610 1770 767 1799 moeurs
787 1772 893 1799 nous
914 1760 1090 1799 traitons
1109 1772 1206 1799 5885
1233 1762 1394 1812 respect
1424 1763 1465 1799 et
1495 1759 1694 1812 indigne-

123 1826 243 1864 ment
259 1823 297 1863 le
330 1835 449 1875 corps
480 1823 617 1863 meme
638 1823 688 1863 de
708 1824 1085 1875 Notre-Seigneur.
1105 1825 1159 1863 Et
1183 1836 1291 1875 pour
1310 1825 1399 1864 8818
1423 1823 1464 1863 18
1482 1825 1626 1877 parole
1644 1825 1697 1866 de

121 1888 227 1929 Dieu
249 1899 291 1927 se
311 1900 555 1941 corrompra
574 1891 615 1928 et
636 1888 827 1928 tombera
857 1888 961 1927 (1885
980 1887 1142 1936 l’oubli,
1166 1891 1207 1928 et
1226 1901 1271 1928 ce
1293 1888 1366 1941 qui
1396 1888 1554 1929 semble
1580 1888 1696 1942 jouir

121 1953 388 1994 maintenant
408 1953 458 1993 de
479 1953 520 1992 18
538 1953 637 2005 paix
657 1965 750 1993 sera
769 1954 1102 2005 tres-persecute.
1124 1968 1144 1988 »

618 185 832 215 minucius
861 185 914 214 DE
943 185 992 214 LA
1023 185 1202 217 PASSION.

122 2082 298 2126 discedit,
318 2082 444 2119 omnis
476 2081 600 2128 caligo
633 2086 668 2118 81
690 2081 893 2119 infelicitas

126 2129 309 2167 succedit.

175 2177 272 2220 Quid
294 2180 348 2213 est
369 2176 470 2211 enim
493 2176 592 2222 quod
625 2175 745 2212 Judaei
775 2186 894 2223 usque

97 2234 228 2261 ‘nunc
255 2223 499 2261 crassissmiis
531 2223 696 2259 tenebris
734 2223 894 2260 involuti

124 2271 300 2318 squalent
322 2275 358 2307 et
378 2271 489 2316 longe
515 2275 602 2307 sunt
622 2282 642 2306 a
663 2271 796 2314 salute,
820 2271 893 2307 nisi

125 2319 215 2366 quia
234 2319 343 2356 Jesus
363 2329 402 2354 se
421 2318 619 2354 abscondit
637 2318 684 2354 ab
705 2318 782 2355 eis?
796 2319 893 2362 Quid

126 2370 184 2403 est
203 2367 303 2412 quod
322 2365 462 2402 corruit
481 2366 609 2402 civitas
631 2370 666 2401 81
695 2366 892 2412 templum,

124 2413 222 2450 festa
253 2418 290 2450 et
321 2413 506 2450 sacrificia
533 2423 663 2449 eorum
684 2418 892 2458 cessarunt,

123 2460 201 2497 nisi
220 2460 319 2506 quod
349 2461 518 2497 Christus
546 2460 744 2497 abscondit
777 2471 816 2497 se
845 2461 892 2497 ab

124 2508 206 2545 eis?
222 2508 318 2552 Quid
336 2513 390 2544 est
404 2508 501 2554 quod
523 2508 653 2544 multae
671 2508 891 2554 provinciae,

123 2555 331 2603 populique
349 2555 457 2591 multi
478 2559 634 2600 gemunt
649 2555 718 2591 sub
731 2556 893 2602 ealigine

125 2612 298 2640 errorum
318 2607 353 2639 81
381 2602 589 2646 haereseon,
609 2602 683 2639 nisi
709 2603 797 2649 quia
818 2604 892 2640 Do-

124 2649 277 2686 minum
297 2649 502 2687 sceleribus
534 2650 612 2686 suis
630 2650 834 2696 irritarunt,
857 2656 892 2687 et

126 2697 406 2743 quodammodo
426 2709 447 2733 a
466 2708 505 2733 se
526 2697 891 2743 fugarunt?Dimisit

127 2752 219 2790 ergo
252 2754 316 2781 eos
348 2745 500 2781 tandem
524 2759 538 2776 u
561 2746 771 2782 secundum
797 2746 892 2782 desi-

126 2789 232 2827 deria
250 2792 375 2828 cordis
405 2802 552 2836 eorum,
574 2791 684 2828 ibunt
714 2792 755 2830 in
786 2793 892 2829 adin-

127 2837 369 2876 ventionibus
389 2839 503 2884 suis,»
523 2850 640 2876 novos
660 2849 807 2887 semper
826 2841 891 2876 ad-

127 2883 364 2922 invenientes
407 2891 443 2923 et
489 2891 674 2923 sectantes
731 2897 889 2924 errores.

130 2930 228 2974 Quid
249 2932 330 2969 ita?
347 2933 440 2977 Quia
461 2946 476 2966 α
497 2944 577 2971 808
608 2934 748 2971 audivit
776 2945 893 2982 popu-

131 2977 192 3015 lus
228 2988 336 3017 meus
378 2990 509 3019 vocem
552 2991 692 3029 meam,
713 2997 729 3018 ι
770 2982 894 3030 inquit

935 2082 1132 2126 Dominus,
1171 2095 1184 2113 α
1221 2087 1257 2119 81
1287 2093 1367 2119 808
1400 2083 1563 2119 intendit
1582 2083 1692 2122 mihi.

978 2130 1114 2166 Sancta
1135 2129 1368 2176 llildegardis
1383 2130 1515 2176 spiritu
1536 2131 1694 2177 propbe-

932 2176 993 2213 tiae
1014 2177 1223 2222 praevidens
1243 2178 1330 2213 lidci
1347 2178 1534 2223 jacturam
1559 2178 1693 2225 deplo-

933 2224 1089 2260 randam
1130 2225 1170 2261 in
1208 2224 1358 2271 populis
1396 2226 1622 2270 Germaniae,
1637 2226 1694 2263 518

932 2282 1015 2307 eain
1027 2272 1181 2318 ejusque
1193 2273 1378 2309 rationem
1392 2272 1581 2320 praedixit,
1592 2274 1692 2312 circa

931 2330 1076 2355 aunum
1096 2319 1203 2356 1180.

984 2382 997 2398 «
1022 2367 1066 2403 In
1104 2371 1247 2403 tantam
1281 2365 1454 2403 homines
1486 2367 1694 2404 1188188110·

933 2424 1020 2450 8818
1083 2419 1195 2461 atque
1256 2424 1422 2450 errorem
1483 2415 1695 2461 praecipites

933 2461 1055 2505 ibunt,
1078 2466 1117 2498 ut
1137 2462 1290 2498 cuinam
1309 2461 1461 2498 credere
1493 2466 1570 2498 1810
1603 2472 1694 2516 pos-

932 2510 1022 2553 sint,
1055 2510 1130 2545 sint
1163 2509 1383 2555 ignoraturi.
1419 2509 1463 2544 Et
1500 2508 1572 2546 hoc
1609 2510 1695 2547 ideo

931 2557 1058 2592 divina
1084 2557 1275 2602 permittet
1301 2555 1461 2602 justitia,
1482 2557 1581 2602 quod
1613 2567 1695 2594 non

932 2604 1050 2640 multo
1078 2603 1157 2650 jam
1190 2609 1358 2650 tempore
1390 2603 1626 2651 negligenter
1657 2608 1695 2641 et

931 2650 1047 2687 otiose
1068 2650 1220 2688 vinculo
1235 2652 1353 2697 ipsam
1376 2650 1491 2687 fidem
1524 2650 1695 2688 moribus

931 2702 967 2734 et
998 2698 1071 2734 vita
1103 2699 1384 2745 impugnamus,
1405 2702 1442 2734 81
1465 2698 1592 2745 ipsum
1624 2699 1695 2737 Do·

931 2746 1027 2782 mini
1048 2755 1184 2792 corpus
1205 2747 1450 2782 irreverenter
1470 2750 1506 2782 et
1535 2745 1694 2793 indigne

932 2797 1148 2829 tractamus.
1183 2794 1270 2830 Ideo
1303 2792 1367 2829 Dei
1398 2792 1511 2829 verba
1547 2803 1693 2840 perver-

932 2845 1072 2884 tentur,
1093 2844 1129 2876 et
1148 2841 1273 2877 881185
1292 2841 1444 2877 divinus
1478 2841 1519 2877 in
1537 2840 1693 2878 oblivio-

931 2898 1020 2924 nem
1057 2887 1149 2932 ibit;
1186 2893 1222 2925 et
1259 2889 1302 2925 in
1340 2887 1459 2924 multa
1495 2888 1699 2926 vexatione-

930 2939 1056 3019 <81881,
1078 2944 1162 2981 quae
1189 2946 1281 2983 pace
1311 2935 1423 2973 modo
1455 2935 1617 2983 gaudere
1641 2936 1694 2975 vi-

956 2986 1081 3020 entur.
1107 2995 1122 3016 ι
