1858 3146
185 130 266 170 ³26
611 139 659 168 ιε
689 140 895 171 uuonan
922 141 996 170 nes
1025 131 1348 171 paemen-nnus.

191 231 214 254 κ
231 217 378 257 Semez
397 221 514 257 von-e
534 217 659 268 grain
676 217 749 258 des
767 217 807 258 le
826 218 974 266 mutin,
998 230 1082 270 que
1100 217 1140 258 le
1159 218 1245 258 soir
1263 221 1383 259 votre
1414 218 1531 258 main
1562 230 1618 259 ne
1647 230 1760 260 cesse

184 280 307 334 point
319 281 371 321 de
390 293 539 330 semer,
561 293 683 334 parce
703 294 784 335 que
803 295 906 323 vous
927 295 980 322 ne
1001 294 1122 322 savez
1142 282 1282 335 lequel
1302 283 1375 323 des
1407 283 1521 322 deux
1539 283 1690 324 'levera
1716 284 1760 324 le

186 347 281 398 ptus
298 346 376 396 tot,
395 346 568 396 celui-ei,
591 358 647 387 ou
666 348 855 388 celui-lii.
890 349 979 396 Que
1005 347 1040 386 si
1072 347 1158 387 l'un
1186 350 1230 388 et
1249 347 1400 387 l’autre
1419 347 1575 396 levent,
1597 360 1643 388 ee
1669 359 1763 389 sert

186 421 339 452 eneore
357 411 517 451 mieux.
546 411 690 464 (Ec-cli.
724 424 782 462 xl,
815 413 872 466 6.)
894 427 915 450 ι)
940 412 1078 462 Aussi,
1110 424 1211 452 aveo
1243 411 1369 452 l'eide
1400 412 1452 452 de
1483 412 1602 462 Dieu,
1626 413 1762 454 uenite

187 476 396 529 produisit
414 477 467 516 de
496 477 759 529 tres-grands
787 478 912 518 fruits
943 490 996 518 en
1026 478 1267 518 elle-meme
1297 480 1341 517 et
1373 478 1479 518 dans
1510 477 1571 518 les
1603 482 1760 529 autres,

189 540 269 582 elle
287 541 428 594 apprit
445 543 471 581 8
490 545 584 582 tons
603 555 680 595 par
699 555 776 582 son
797 544 990 595 exemple
1009 543 1202 583 combien
1235 545 1298 582 est
1331 542 1493 595 grande
1525 543 1763 584 l’effieaeite

189 606 242 648 de
270 606 313 646 18
329 618 522 647 semenee
540 607 598 647 du
622 607 753 648 Verbe
781 608 912 657 divin,
936 608 1039 647 dont
1069 608 1099 647 il
1130 610 1194 648 est
1223 608 1278 647 ici
1309 607 1425 659 pax-le
1460 607 1565 648 dans
1587 607 1758 648 t’Evan-

193 670 294 723 gilo.

742 878 894 929 MEME
926 886 1218 930 DIMANCHE.

946 1013 1054 1046 Aliud
1070 1015 1193 1047 cecidit
1221 1023 1315 1047 secus
1345 1015 1437 1046 viam
1472 1015 1504 1046 et
1534 1012 1767 1046 conculcatum

950 1063 1144 1142 Ugsetnutre
1164 1110 1278 1150 partie
1298 1109 1420 1141 tomba
1439 1109 1471 1141 le
1496 1108 1583 1150 long
1612 1108 1660 1140 du
1691 1108 1755 1140 che

971 1157 1046 1188 min
1067 1159 1102 1188 et
1121 1156 1183 1189 elle
1203 1157 1257 1189 fut
1276 1156 1391 1189 foulee
1413 1165 1484 1188 aux
1502 1155 1623 1198 pieds.

925 1202 1109 1246 (Evanqile
1127 1202 1220 1236 selon
1244 1203 1280 1236 S.
1302 1204 1381 1236 Luc.
1402 1203 1501 1246 chop.
1522 1212 1596 1242 vm,
1617 1201 1636 1237 5
1656 1202 1704 1242 5.)

251 1325 308 1363 1⁶¹
326 1323 469 1362 Pom'r.
492 1341 544 1349 -
561 1321 639 1360 Les
659 1318 943 1372 predicateurs
975 1318 1026 1358 de
1056 1317 1099 1358 la
1129 1317 1274 1370 parole
1301 1316 1355 1357 de
1387 1317 1491 1357 Dieu
1523 1328 1577 1356 ne
1597 1315 1772 1355 doivent

198 1399 273 1441 pas
291 1399 335 1427 se
355 1386 626 1437 deeourager‚
639 1395 762 1436 parce
778 1383 899 1436 qu’ils
918 1386 994 1423 ont
1014 1395 1094 1435 peu
1109 1382 1380 1431 d'auditeurs,
1395 1395 1479 1432 car,
1495 1381 1593 1421 bien
1614 1380 1772 1433 qu'une

201 1451 363 1506 grande
382 1451 496 1491 foule
515 1449 949 1497 suivitJesus-Christ‚
976 1449 1007 1487 il
1039 1448 1136 1488 n'en
1168 1448 1402 1487 iustruiseit
1432 1451 1609 1487 souvent
1640 1444 1773 1499 qu’un

198 1517 306 1571 petit
337 1516 528 1557 nombre.
567 1516 600 1555 Il
631 1517 855 1554 rencontra
886 1525 969 1554 une
1005 1513 1119 1553 seule
1151 1512 1369 1563 auditrice,
1396 1512 1439 1552 18
1476 1510 1770 1561 Samaritaine,

201 1584 352 1636 eupres
371 1582 427 1622 du
446 1581 559 1634 puits
579 1581 630 1620 de
649 1580 794 1628 Jacob,
818 1583 859 1619 et
877 1579 907 1618 il
926 1591 976 1618 ne
997 1579 1038 1618 18
1068 1578 1283 1630 dedaigna
1304 1578 1439 1630 point,
1457 1576 1563 1617 mais
1594 1575 1625 1616 il
1655 1575 1775 1615 l'ins·

201 1647 358 1695 vuisit,
379 1647 420 1686 18
439 1645 658 1693 catechisa,
682 1646 723 1685 18
742 1644 963 1694 convertit,
986 1646 1030 1684 et
1049 1656 1125 1696 par
1145 1643 1225 1684 elle
1245 1655 1397 1683 amena
1416 1644 1475 1683 les
1495 1641 1775 1683 Samariteins

202 1715 228 1754 8
245 1713 287 1754 18
306 1712 380 1753 foi.
403 1711 634 1752 Madeleine
653 1711 757 1751 etait
776 1711 902 1750 assise
924 1714 1040 1749 toute
1062 1710 1174 1750 sente
1195 1712 1219 1748 iz
1233 1721 1296 1749 ses
1310 1709 1428 1761 pieds
1442 1721 1549 1760 pour
1567 1705 1773 1748 entendre

203 1790 248 1819 sa
267 1777 427 1831 parole.
448 1780 490 1817 et
504 1776 534 1816 il
553 1777 595 1816 18
613 1775 674 1815 lui
693 1775 935 1827 prodiguait
947 1787 958 1823 ;
976 1773 1210 1814 Nathanuel
1225 1774 1314 1813 vint
1328 1775 1353 1813 8
1366 1773 1425 1813 lui
1444 1785 1544 1812 aveo
1558 1771 1772 1824 Philippe;

203 1843 427 1884 Nicodeme
447 1843 537 1881 vint
557 1841 743 1893 pendant
762 1841 802 1879 18
823 1840 928 1888 nuit,
951 1843 992 1880 et
1011 1840 1042 1879 il
1063 1851 1115 1879 ne
1136 1839 1349 1891 dedaigna
1368 1851 1454 1890 pam,
1478 1837 1643 1890 malgre
1675 1836 1771 1877 leur

202 1908 310 1962 petit
328 1908 519 1956 nombre,
541 1907 593 1947 de
613 1907 706 1946 leur
726 1906 992 1957 evangeliser
1019 1905 1058 1944 18
1091 1904 1236 1957 parole
1268 1905 1318 1944 de
1350 1904 1471 1944 Dieu.
1505 1903 1641 1952 Aussi,
1664 1901 1776 1942 saint

201 1974 310 2015 Jean
329 1973 623 2024 ChrysostOme
655 1971 826 2011 disait-it
857 1971 908 2010 de
941 1970 1188 2010 lui-meme:
1216 1986 1235 2006 «
1254 1970 1303 2010 Je
1337 1981 1404 2009 me
1434 1969 1518 2008 suis
1548 1968 1688 2009 resolu
1723 1966 1775 2007 de

205 2097 352 2134 semina
371 2108 500 2133 semen
522 2101 643 2136 tuum.
674 2100 711 2133 et
740 2106 894 2142 vespere
923 2106 971 2131 ne
1010 2094 1111 2131 verbi
1135 2094 1201 2131 Dei
1233 2094 1536 2137 annuntiatores,
1565 2092 1652 2130 lieet
1678 2101 1775 2139 pau·-

204 2148 326 2183 cesset
345 2155 505 2188 manus;
526 2145 614 2191 quia
634 2145 757 2181 nescis
776 2144 865 2189 quid
888 2154 970 2179 ma-
1010 2153 1074 2178 cos
1095 2143 1285 2189 reperiant
1314 2142 1419 2178 audit
1437 2152 1521 2178 ores
1544 2151 1552 2177 :
1575 2140 1663 2187 quia
1688 2139 1777 2176 ticet

204 2193 262 2239 gis
299 2192 454 2238 oriatur,
496 2193 568 2229 hoe
605 2197 669 2228 nut
708 2191 829 2234 itlud;
865 2196 901 2227 et
939 2191 970 2227 si
1009 2191 1054 2226 ad
1078 2190 1267 2226 Christum
1289 2189 1466 2235 frequens
1499 2187 1607 2224 turba
1637 2197 1775 2234 prope-

205 2244 408 2287 utrumque
428 2240 540 2276 simut
557 2240 694 2276 metius
714 2240 796 2275 erit.
820 2254 833 2270 υ
860 2239 970 2285 Prop-
1012 2243 1122 2280 rau-ot,
1144 2237 1257 2274 etiam
1281 2242 1405 2273 tamen
1433 2246 1573 2283 paucos
1601 2234 1775 2281 quando-

206 2292 308 2324 terea
329 2288 402 2325 Deo
423 2291 664 2334 cooperante,
687 2292 833 2323 tantum
870 2287 908 2322 in
932 2298 970 2322 se
1009 2296 1081 2331 que
1120 2284 1290 2321 docebat.
1327 2285 1483 2322 Unicum
1527 2283 1573 2319 ud
1618 2286 1775 2330 puteum
1835 2319 1837 2323 ,

204 2335 370 2378 Caeciliu,
393 2340 538 2372 tanturn
559 2335 655 2371 etin
676 2335 762 2371 aliis
795 2334 967 2380 produxit
1012 2338 1144 2369 nuetus
1170 2338 1226 2369 ost
1258 2332 1549 2375 Sanmrssanam,
1589 2340 1659 2366 nec
1690 2339 1775 2366 eam

205 2383 449 2420 sructumzet
469 2393 537 2419 suo
553 2394 686 2419 ornnes
706 2383 971 2418 docuitewm-
1010 2386 1064 2416 est
1103 2381 1348 2425 dedignatum
1389 2379 1453 2415 sed
1492 2378 1686 2423 instruxit,
1715 2387 1775 2414 eu-

206 2430 284 2478 plo,
303 2436 454 2477 quuntae
472 2430 712 2467 siteffieueim
726 2429 844 2466 divim
861 2429 969 2465 Verbi
1012 2429 1221 2471 teehiznvit,
1262 2427 1460 2471 convertit,
1499 2431 1535 2463 et
1569 2436 1635 2472 per
1669 2424 1774 2461 illum

206 2489 352 2523 semen,
372 2479 419 2516 de
438 2489 512 2525 quo
531 2477 570 2514 in
593 2478 663 2515 hoe
684 2478 808 2522 agitur
843 2477 967 2513 Evun-
1010 2476 1264 2512 Samaritanus
1283 2476 1328 2511 nd
1352 2475 1467 2511 finem
1486 2473 1655 2510 adduxit.
1681 2472 1775 2510 Uni-

207 2526 318 2571 gotio.
1011 2535 1053 2559 cu
1085 2524 1131 2559 ud
1164 2524 1244 2569 ejus
1266 2523 1378 2569 pedes
1402 2520 1553 2558 sedebat
1591 2519 1777 2566 Magdala-

1013 2582 1074 2615 na,
1110 2576 1147 2606 ut
1178 2571 1324 2607 audiret
1353 2569 1506 2606 verbum
1527 2578 1620 2613 eJuS‚
1650 2572 1686 2604 et
1705 2577 1775 2604 oo-

554 2629 627 2640 ·-·
1012 2619 1115 2664 piose
1155 2619 1247 2655 illud
1293 2618 1327 2654 ei
1377 2615 1777 2700 nuninistrubat.p¹V‹¹:uit

364 2697 376 2711 ,
1011 2667 1056 2701 ud
1107 2677 1194 2702 eum
1249 2665 1454 2704 Nuthunael
1495 2674 1582 2700 eum
1669 2663 1778 2709 liip-

348 2697 526 2738 ¹⁴⁴ADEM
558 2696 830 2738 ΠΟΜῙΝῙΟᾸ·
1013 2724 1072 2758 με),
1102 2714 1202 2749 venit
1236 2713 1464 2750 Nteodetnus
1493 2717 1661 2758 tempore
1689 2719 1778 2748 noc·
1849 2738 1856 2751 ,

1013 2766 1138 2803 turno,
1160 2766 1193 2797 et
1229 2760 1286 2797 his
1321 2760 1449 2806 paucis
1483 2770 1559 2795 non
1593 2758 1780 2803 ‹tedigua-
1847 2754 1858 2805 ἦ

671 2794 973 2860 Λῦξζῗηωξιωέἑὲξξῆζ
1012 2813 1070 2843 tus
1107 2813 1162 2844 est
1199 2808 1453 2851 evangelizare
1492 2816 1651 2851 regnum
1693 2804 1774 2843 nei.

690 2870 853 2897 mamm,
1011 2859 1244 2939 Quussropter
1283 2860 1436 2892 sanctus
1486 2855 1777 2900 Chrysostomut

1009 2903 1092 2939 dice
1120 2908 1157 2939 nt
1175 2904 1222 2939 de
1241 2903 1366 2958 seipso
1389 2913 1396 2939 :
1424 2916 1437 2934 «ι
1456 2902 1532 2949 Ego
1553 2912 1638 2939 tneo
1659 2899 1779 2948 ipsiu·

258 2949 343 2989 Non
367 2950 505 2989 debent
535 2951 708 2990 animum
739 2949 972 2998 despondere
1009 2951 1139 2988 auimo
1152 2950 1470 2999 persuus1‚quoad
1490 2949 1679 2998 spiravere
1705 2948 1777 2987 hoe
