1858 3146
0 0 50 99 ”⁶³4

518 141 699 171 rucuma
727 139 937 170 minimus
967 139 1018 167 116
1049 130 1228 167 emme.
1577 124 1655 164 507

19 238 22 241 “
88 220 258 261 61161665
276 219 603 260 excessivement
638 220 844 270 pesantes,
886 218 927 255 61
960 227 1013 254 06
1045 227 1146 254 vous
1178 213 1381 253 conduira
1412 213 1520 252 ainsi
1550 223 1659 265 pour

14 284 21 288 ’
88 289 262 327 tom-ner
281 285 322 325 la
341 284 480 325 meule
499 283 551 323 de
570 283 610 323 16
631 283 808 323 6061661·
820 279 1038 321 eternelle.

140 352 272 403 Apres
292 362 358 389 ces
378 349 481 389 trois
500 349 742 396 tentatione,
765 347 803 386 le
823 346 994 395 demon,
1022 346 1217 396 repousse
1248 355 1324 395 par
1354 342 1395 382 16
1431 342 1575 395 parole
1605 341 1660 382 de

87 414 441 466 Notre-Seigneur
458 412 757 459 ,Iesus-Christ,
779 411 818 451 le
837 410 960 450 laissa
991 421 1100 461 pour
1131 421 1188 448 66
1218 412 1369 460 temps,
1404 406 1659 447 c'est-a-dire

86 492 194 533 pour
207 479 327 519 venir
347 480 372 518 6
391 478 551 518 1’11661·6
570 477 621 517 66
641 477 682 516 16
701 479 823 525 mort,
847 475 932 514 afin
954 474 1158 514 d'abattre
1178 477 1220 513 et
1240 473 1291 512 de
1311 472 1480 512 vaincre
1511 483 1586 524 par
1616 472 1660 512 16

85 545 283 593 tristasse,
307 544 366 583 les
386 546 622 583 tourments
639 551 682 582 et
700 541 740 582 le
760 540 986 592 desespoir,
1010 539 1117 579 celui
1137 550 1219 590 que
1239 538 1276 577 le
1295 537 1440 589 plaisir
1461 538 1517 575 du
1538 549 1658 576 man-

88 621 178 662 ger,
200 608 251 648 de
268 609 310 648 la
329 608 453 648 vaine
475 607 624 659 gloire,
647 607 720 647 des
739 605 940 645 richesses
960 609 1002 644 et
1021 604 1094 644 des
1124 603 1340 643 honneurs
1369 601 1582 640 n'avaieut
1601 614 1657 653 pu

86 674 296 714 ebranler.
317 673 528 725 Quelques
560 672 692 712 saints
724 671 850 711 Peres
881 672 1074 708 assurent
1104 680 1186 721 que
1217 667 1254 707 16
1283 668 1437 707 demon
1470 666 1573 706 61611
1603 678 1657 706 66

85 739 183 792 pied
202 738 314 779 dela
333 738 462 785 croix,
491 738 657 789 lorsque
688 736 727 776 16
759 736 950 775 Sauveur
981 733 1084 774 61611
1115 746 1186 772 sur
1218 733 1256 772 16
1288 732 1408 784 point
1434 731 1485 771 de
1505 731 1659 771 rendre

86 816 162 844 son
181 805 292 844 6166.
314 803 416 843 Mais
446 803 476 842 il
507 806 584 854 put
613 813 764 841 encore
795 800 886 839 dire
917 799 1027 839 alors
1053 812 1061 838 :
1089 813 1107 836 «
1129 800 1184 838 Le
1203 798 1347 850 priuce
1367 797 1417 836 de
1438 808 1483 836 66
1504 795 1658 836 monde

85 869 202 910 vient
222 868 313 909 6111
333 868 402 908 n'a
420 878 557 907 aucun
587 866 699 906 droit
730 878 802 905 sur
832 865 933 904 moi.
968 880 988 900 »
1023 865 1055 904 ll
1088 865 1180 903 vint
1209 874 1372 903 comme
1404 874 1462 901 66
1494 861 1656 909 voleur,

83 933 190 974 mais
209 934 240 973 il
260 945 313 973 ne
333 936 483 972 trouva
500 931 591 971 rien
613 932 638 970 6
656 930 796 979 voler;
819 930 848 969 il
869 942 922 969 ne
942 933 1018 982 put
1039 933 1209 969 trouver
1239 940 1402 967 aucune
1435 927 1551 967 faute
1584 926 1659 978 qui

83 999 162 1052 put
181 998 241 1038 lui
261 998 424 1038 donner
443 997 624 1049 quelque
644 996 754 1035 droit
774 1008 845 1034 sur
862 994 1157 1042 Jesus-Christ;
1180 994 1276 1033 bien
1298 993 1406 1045 pluS,
1429 1005 1475 1032 66
1496 992 1562 1031 fut
1581 1003 1659 1044 par

84 1063 145 1104 lui
177 1063 277 1116 qu'il
309 1063 448 1115 perdit
479 1062 520 1101 16
552 1061 669 1113 proie
700 1061 804 1114 qu’il
836 1060 1046 1112 possedait
1078 1060 1365 1110 injustement.
1388 1058 1510 1098 Aussi
1528 1056 1658 1097 Jacob

85 1129 249 1170 avait-il
271 1128 332 1167 dit
350 1128 402 1168 de
421 1127 482 1166 lui
502 1127 607 1166 dans
626 1138 707 1166 une
733 1125 983 1178 inspiration
1017 1125 1310 1177 prophetique,
1332 1135 1385 1164 en
1406 1123 1574 1174 parlaut
1606 1122 1659 1162 de

85 1205 162 1234 son
180 1194 246 1233 fils
263 1193 386 1242 Juda‚
404 1192 503 1232 6ὀὴ
521 1191 661 1231 6611611
680 1192 817 1230 naitre
836 1191 874 1230 16
894 1190 1031 1230 Christ
1054 1204 1063 1229 z
1091 1204 1110 1227 (ι
1130 1191 1193 1229 Tu
1213 1201 1257 1228 es
1271 1190 1431 1237 monte,
1453 1199 1555 1228 mon
1573 1187 1654 1239 fils,

85 1271 194 1312 pour
211 1258 392 1311 prendre
411 1261 455 1297 ta
476 1257 609 1309 proie.
637 1270 656 1294 »
681 1256 789 1298 C'est
809 1268 902 1295 vers
920 1255 959 1296 le
980 1256 1169 1295 Sauveur
1201 1266 1282 1306 que
1313 1253 1443 1294 Jacob
1473 1252 1661 1293 tournait

86 1324 199 1364 alors
218 1335 282 1364 ses
301 1323 490 1374 regards»,
512 1325 555 1362 61
573 1321 603 1361 11
622 1321 662 1361 16
682 1321 826 1373 voyait
845 1325 1012 1361 monter
1031 1332 1102 1359 sur
1122 1319 1163 1359 16
1182 1319 1297 1359 croix
1328 1318 1427 1359 d’ou
1457 1318 1487 1357 il
1519 1318 1659 1358 devait

11 1406 23 1415 κ
87 1387 284 1428 611661161-
303 1389 328 1427 6
347 1387 498 1427 1’661“6ι·
516 1399 562 1426 56
580 1386 714 1438 proie.

138 1453 196 1492 Le
218 1451 358 1492 diable
389 1464 431 1491 se
464 1448 641 1491 re‘tirant
672 1454 844 1491 couvert
871 1450 922 1490 de
956 1450 1189 1498 confusion,
1222 1448 1282 1489 les
1311 1450 1453 1499 Auges
1473 1447 1659 1499 s'appro-

85 1516 272 1567 cherent,
295 1528 349 1556 66
371 1516 508 1568 grand
529 1515 718 1564 nombre,
741 1527 848 1567 pour
870 1520 1059 1554 montrer
1079 1514 1217 1566 quelle
1238 1514 1339 1554 etait
1360 1514 1399 1552 16
1418 1512 1582 1564 dignite
1602 1511 1658 1551 du

84 1581 338 1634 vainqueur.

138 1647 217 1687 Les
235 1649 377 1699 Auges
396 1645 739 1698 s'approcherent
769 1657 875 1697 pour
901 1645 940 1684 le
966 1644 1142 1684 feliciter
1173 1643 1223 1683 de
1257 1656 1302 1683 56
1333 1643 1522 1690 victoire,
1544 1646 1658 1682 6166

85 1711 226 1752 meme
246 1715 380 1763 temps
399 1722 506 1763 pour
526 1710 565 1751 le
584 1711 730 1752 servir.
753 1711 832 1751 Car
862 1709 1064 1762 l'opinion
1097 1721 1320 1749 commune
1352 1712 1412 1748 est
1445 1707 1567 1760 qu’ils
1597 1707 1659 1747 lui

87 1776 292 1817 servirent
312 1777 338 1815 6
356 1787 560 1827 manger-3
583 1779 627 1816 et
645 1775 756 1815 saint
774 1776 1083 1824 Bonaventure,
1106 1774 1211 1814 dans
1240 1785 1303 1814 ses
1334 1774 1496 1826 pieuses
1526 1772 1659 1812 medi-

85 1841 330 1890 tations,dit
348 1853 444 1894 que,
468 1853 539 1880 sur
560 1840 713 1880 l'ordre
733 1840 791 1880 du
810 1840 963 1888 Christ,
981 1840 1021 1879 la
1040 1839 1280 1879 nourriture
1302 1839 1361 1878 lui
1376 1839 1441 1878 fut
1459 1839 1659 1891 apportee

88 1996 232 2034 cientes
255 1999 452 2037 eruuntur,
473 1995 678 2031 fortissima
700 1994 851 2030 vincula
891 1994 930 2029 in
964 1993 1111 2029 Christo
1153 1992 1321 2029 nancisci
1355 1996 1506 2038 posset;
1537 1990 1655 2027 immo

90 2043 329 2090 injiciuntur,
346 2044 475 2089 sicque
494 2043 541 2079 ad
561 2042 692 2078 aeterni
712 2041 853 2078 doloris
891 2051 957 2087 per
977 2041 1101 2087 ipsum
1123 2044 1213 2077 tunc
1245 2039 1411 2086 praedam
1445 2048 1558 2085 quam
1590 2038 1653 2074 in-

87 2091 229 2128 motam
265 2090 626 2128 circumducendum
667 2089 852 2136 perduce—
887 2089 987 2134 juste
1035 2087 1262 2134 possidebat,
1289 2087 1428 2123 amisit.
1465 2086 1569 2122 Unde
1606 2085 1654 2121 de

91 2139 156 2177 ris.
891 2147 934 2172 eo
968 2136 1185 2182 prophetice
1215 2135 1361 2171 dictum
1394 2138 1471 2170 erat
1501 2144 1509 2169 :
1550 2145 1567 2166 u
1600 2133 1654 2168 Ad

136 2184 415 2223 Consummatis
438 2184 495 2221 his
529 2184 647 2221 tribus
673 2184 852 2221 tentatio-
918 2183 1057 2219 raedam
1082 2183 1302 2226 ascendisti,
1336 2181 1391 2218 tili
1413 2181 1488 2223 mi;
1513 2196 1526 2214 »
1555 2180 1655 2226 quod

90 2233 221 2276 nibus,
243 2243 333 2269 voce
353 2231 489 2268 Christi
500 2232 673 2279 repulsus
686 2232 851 2275 daemon‚

93 2295 108 2314 ι
131 2280 282 2326 reliquit
301 2290 388 2316 eum
407 2280 454 2315 ad
475 2284 637 2326 tempus,
655 2295 669 2313 υ
695 2279 735 2316 16
757 2290 853 2316 mor-

90 2334 127 2366 te
145 2327 292 2366 scilicet
321 2327 522 2371 rediturus,
543 2332 583 2363 ut
602 2337 715 2374 quem
749 2327 853 2374 prius

88 2375 295 2422 voluptate,
309 2374 419 2421 gulae,
435 2375 563 2412 inanis
577 2374 722 2421 gloriae,
736 2385 852 2421 opum

89 2427 126 2460 et
147 2423 349 2466 bonorum,
372 2422 525 2458 titillare
556 2421 737 2459 connisus
769 2422 850 2459 fue-

24 2502 29 2507 .
89 2474 159 2512 rat.
194 2469 356 2513 tristitia,
395 2470 579 2516 cruciatu,
619 2469 851 2516 desperatio-

88 2527 140 2555 ne
160 2522 251 2555 tunc
271 2516 488 2554 absorberet
508 2521 543 2554 et
564 2516 743 2554 vinceret.

137 2564 191 2602 Ad
210 2565 248 2601 id
262 2564 370 2610 ¹enim
391 2564 431 2601 in
457 2565 538 2611 ipso
572 2565 696 2601 crucis
726 2564 852 2611 stipite

90 2611 310 2650 exhalatum
340 2612 510 2648 animam
549 2611 728 2656 adfuisse,
774 2617 851 2648 tra-

91 2659 186 2696 dunt
205 2659 384 2696 nonnulli
413 2670 458 2696 ex
492 2665 633 2696 sanctis
665 2659 848 2696 Patribus.

92 2705 164 2742 Sed
182 2707 295 2743 etiam
315 2711 407 2743 tunc
425 2707 550 2744 dicere
582 2707 702 2754 potuit
729 2707 852 2743 Chris—

912 2231 1005 2267 acob
1026 2231 1119 2266 dixit
1141 2231 1186 2266 de
1202 2230 1278 2266 lilio
1300 2240 1367 2266 suo
1387 2229 1496 2271 luda,
1515 2238 1561 2264 ex
1582 2237 1656 2274 quo

891 2279 1059 2315 Christus
1081 2284 1191 2314 natus
1222 2282 1291 2314 651.
1314 2278 1366 2313 Ad
1401 2276 1504 2312 hunc
1537 2274 1654 2312 Jacob

890 2326 1044 2363 oculum
1084 2326 1347 2372 propheticum
1390 2322 1588 2369 dirigebat,
1621 2326 1658 2359 et

891 2374 931 2410 in
970 2384 1123 2410 crucem
1160 2373 1428 2410 ascendentem
1473 2369 1655 2416 respicie—

891 2421 967 2463 bat,
995 2432 1039 2457 ex
1078 2432 1152 2467 qua
1190 2421 1383 2457 infernum
1421 2418 1657 2465 praedaturus

890 2474 982 2505 erat.

939 2516 1051 2552 Porro
1062 2514 1288 2551 abscedente
1302 2513 1453 2550 diabolo
1465 2522 1552 2549 cum
1569 2521 1656 2548 con·

890 2564 1052 2609 fusione,
1090 2572 1281 2599 accessere
1326 2560 1470 2606 Angeli,
1518 2569 1656 2613 magno

891 2611 1019 2657 utique
1046 2620 1219 2653 numero,
1242 2614 1281 2645 ut
1310 2608 1462 2645 victoris
1492 2607 1657 2654 dignitas

890 2657 1211 2704 comprobaretur.

938 2707 1183 2742 Accesserant
1192 2708 1319 2740 autem
1332 2703 1378 2739 ad
1393 2701 1658 2748 congratulan-

93 2756 155 2789 tus
174 2762 184 2789 ε
211 2766 225 2784 c
247 2753 357 2791 Venit
377 2754 557 2801 Princeps
578 2754 691 2801 huius
704 2754 850 2798 muddi,
889 2754 981 2790 dum
995 2749 1574 2797 (1611610116,6151616161161666
1587 2749 1658 2785 mi·

94 2803 131 2836 et
149 2799 191 2836 in
209 2810 270 2837 me
286 2811 365 2838 non
386 2801 497 2839 habet
515 2802 735 2849 quidquam.
755 2818 769 2836 ι
787 2802 852 2838 Ve-

98 2846 156 2883 nit
193 2846 310 2884 1115161·
343 2847 452 2894 suris,
485 2850 550 2886 sed
585 2849 682 2886 nihil
716 2849 853 2896 reperit

891 2800 1143 2837 nistraudum.
1166 2798 1262 2837 Nam
1282 2798 1387 2835 cibos
1419 2797 1655 2834 ministrasse

890 2848 924 2885 ei
951 2847 1168 2884 communis
1187 2851 1243 2882 est
1263 2845 1476 2882 sententia:
1492 2849 1529 2880 et
1548 2853 1656 2880 sance

95 2893 197 2948 quod
212 2893 494 2949 furari-possen
527 2896 625 2934 nihil
645 2897 707 2934 cul
735 2908 768 2934 ae
788 2907 850 2933 re—
891 2901 950 2932 tus
971 2896 1230 2931 Bonaventura
1248 2893 1310 2939 pie
1324 2893 1526 2929 meditatur
1544 2901 1566 2929 6
1583 2891 1655 2928 do-

94 2950 219 2988 penre
236 2944 372 2989 potuit,
391 2953 457 2990 per
475 2953 590 2991 quam
614 2944 679 2991 jus
696 2955 719 2982 a
735 2944 850 2992 iquod
890 2953 953 2980 mo
985 2941 1150 2989 Virginis
1181 2940 1324 2986 Mariae,
1357 2939 1495 2978 Christi
1523 2938 1650 2987 jussu,
