1858 3146
598 137 813 169 ninucun
839 137 893 167 1»ss
921 137 972 166 u
997 128 1320 167 samaeasmz.
1663 131 1745 174 m

171 228 254 270 par
270 216 311 257 18
330 216 393 256 101
411 216 544 258 David
562 219 589 257 8
604 216 724 257 venir
742 217 768 256 8
785 216 825 255 18
845 227 946 255 cour
972 226 1081 267 pour
1098 226 1127 266 y
1145 214 1262 254 vivre
1293 216 1397 255 dans
1429 216 1488 256 les
1519 217 1672 260 (1811885
1701 221 1746 260 et

175 281 236 322 les
262 281 425 331 festius,
457 282 487 321 il
518 281 713 334 repondit
745 294 755 321 :
781 295 801 317 «
834 282 974 332 Ayant
1004 291 1167 320 comme
1199 279 1275 331 J'ai
1311 282 1626 335 quatre-vingts
1653 295 1744 339 885,

170 347 325 400 ,puis—,ie
344 349 516 387 trouver
534 346 714 399 quelque
733 345 877 398 plaisir
895 347 920 384 a
939 344 1055 385 boire
1076 348 1118 384 et
1138 346 1163 384 8
1183 356 1377 396 manger,
1400 358 1454 385 ou
1481 348 1506 386 8
1540 349 1745 390 entendre

171 411 213 452 18
242 413 342 452 voix
371 412 442 452 des
461 411 681 452 musiciens
711 414 755 450 et
786 410 858 448 des
892 409 1201 449 musiciennes?
1242 411 1582 451 Permettez-moi
1615 414 1748 454 58818-

174 481 292 518 ment
321 477 372 517 de
403 476 514 516 m'en
546 480 780 524 retourner,
815 474 900 514 afin
934 487 1014 527 que
1042 475 1086 526 je
1119 486 1265 514 meure
1294 474 1399 514 dans
1430 487 1526 514 mon
1556 489 1659 529 pays
1702 481 1746 519 et

174 555 255 596 que
272 543 314 593 je
333 542 413 582 sois
433 541 615 582 cnseveli
632 542 782 593 aupres
802 539 854 579 de
874 551 973 579 mon
995 538 1108 591 pere.
1133 539 1197 592 (27
1220 539 1331 590 Rois,
1353 551 1440 590 x1x,
1461 541 1549 594 35.)
1568 557 1588 577 »

229 608 336 648 C'est
352 618 513 646 comme
532 606 595 646 s’il
614 606 729 646 avait
746 605 808 645 dit
831 619 840 644 :
863 606 917 645 Ce
939 605 1045 644 n’est
1063 617 1137 656 pas
1157 606 1196 644 le
1217 609 1407 645 moment
1436 618 1544 658 pour
1575 608 1660 647 moi
1692 609 1745 650 de

174 684 323 725 penset
343 683 428 711 aux
446 671 598 710 delices
618 671 667 710 de
687 670 728 710 18
746 682 863 719 8081,
885 670 929 709 81
960 669 1106 709 d'aller
1138 682 1205 710 me
1237 669 1370 710 1118181·
1400 683 1455 709 eu
1487 672 1668 712 tumulte
1687 673 1744 715 du

171 735 344 777 monde.
364 735 412 776 Je
431 747 484 774 ne
504 735 594 774 dois
610 734 703 787 plus
722 734 957 784 m’occupei·
989 746 1070 786 que
1103 734 1154 774 de
1186 735 1226 773 la
1259 738 1369 774 mort
1402 735 1475 787 qui
1507 736 1624 776 vient
1651 749 1745 777 vers

174 800 275 849 moi,
297 802 339 839 et
361 811 425 840 me
444 802 643 852 preparet·
662 812 714 839 au
735 799 906 839 terrible
937 811 1113 850 passage
1133 799 1189 838 du
1211 804 1346 851 temps
1378 802 1402 838 a
1433 801 1658 843 l'eternite.
1693 803 1745 843 Et

173 864 258 906 afin
280 877 360 916 que
375 864 547 916 j'agisse
566 865 617 905 de
638 864 680 904 18
698 868 808 904 sorte
828 875 928 903 avec
946 876 1145 916 courage,
1168 877 1236 904 ma
1257 865 1476 913 vieillessc,
1506 868 1744 918 messagere

173 929 224 969 de
243 930 285 969 18
304 934 429 978 mort,
452 929 662 970 m'avertit
686 932 778 969 tous
797 929 856 969 les
872 928 1007 981 jours.

226 995 289 1035 Du
309 1007 410 1035 nom
429 995 479 1035 de
498 998 562 1036 881
591 995 760 1035 homme
784 994 947 1034 illustre
978 995 1050 1034 des
1079 997 1214 1046 temps
1244 995 1428 1043 8881885,
1456 996 1744 1048 rapprochons

170 1060 279 1101 88181
317 1060 369 1100 (18
399 1064 520 1101 notre
552 1072 771 1112 empereur
808 1059 1134 1107 Charles-Quint
1172 1059 1244 1112 qui
1281 1060 1522 1112 appartient
1559 1062 1584 1100 8
1621 1066 1744 1102 notro

171 1125 308 1167 siecle.

226 1192 357 1242 Apres
377 1191 494 1230 avoir
513 1194 615 1230 tenu
636 1190 737 1230 daus
755 1202 819 1230 585
838 1190 974 1229 mains
994 1190 1217 1242 hero'iques
1248 1193 1289 1229 et
1320 1191 1506 1242 pendant
1526 1192 1744 1236 trente-six

173 1257 327 1296 austes
346 1257 467 1296 18885
486 1256 537 1295 de
556 1255 758 1308 l'empire‚
783 1255 810 1294 il
833 1255 960 1295 sentit
992 1266 1072 1306 que
1102 1255 1143 1294 la
1176 1254 1380 1295 vieillesse
1413 1257 1677 1308 approchait,
1710 1257 1742 1301 il

174 1319 327 1373 depose.
346 1322 455 1360 alors
475 1321 513 1360 18
533 1323 693 1372 sceptre
713 1324 755 1360 et
773 1325 905 1372 ayant
924 1321 1000 1360 fait
1019 1332 1083 1360 ses
1102 1320 1257 1359 edieux
1290 1332 1374 1359 aux
1404 1321 1570 1372 princes
1596 1322 1742 1364 renuis

173 1397 228 1426 en
246 1385 468 1438 Belgique,
480 1386 511 1425 il
531 1385 660 1438 partit
677 1398 784 1437 pour
804 1384 1024 1437 l’Espagne
1040 1389 1096 1432 et,
1110 1387 1230 1436 apres
1244 1385 1362 1424 avoir
1383 1387 1564 1425 traverse
1578 1386 1620 1426 18
1633 1399 1740 1440 mer,

176 1462 230 1490 eu
243 1454 432 1490 moment
446 1452 501 1490 08
520 1450 551 1490 11
571 1450 759 1490 108811811
773 1450 815 1489 18
829 1453 952 1499 18118,
965 1450 1025 1488 181
1039 1452 1286 1501 presentant
1297 1462 1372 1488 son
1388 1462 1508 1502 corps
1527 1451 1688 1491 ufiaibli
1699 1454 1742 1494 et

171 1515 318 1564 ceduc,
339 1515 367 1554 il
388 1514 533 1554 s’ecrie
553 1516 578 1554 ὲ.
596 1526 643 1554 88
671 1515 797 1567 qu’on
828 1521 1026 1566 rapporte
1051 1526 1060 1553 :
1085 1530 1103 1550 α
1129 1515 1261 1563 Salat,
1296 1515 1320 1554 ὀ
1353 1516 1467 1555 mere
1499 1527 1740 1570 commune,

171 1583 282 1620 terre
302 1579 441 1620 8118118
460 1583 502 1620 81
520 1579 617 1620 bien
638 1580 864 1619 fortement
884 1579 1058 1619 (1851188.
1078 1580 1127 1620 Je
1147 1580 1233 1618 suis
1263 1580 1366 1619 sorti
1396 1592 1454 1620 nu
1485 1581 1542 1620 du
1572 1582 1662 1621 58111
1688 1581 1744 1627 de

171 1656 240 1685 ma
260 1646 387 1695 mere,
407 1645 451 1697 Ι18
471 1645 754 1686 retournerais
772 1644 982 1697 depouille'
1015 1644 1065 1684 de
1099 1648 1205 1695 tout,
1240 1644 1343 1684 dans
1375 1645 1414 1685 18
1445 1646 1548 1698 1188,
1577 1659 1743 1693 comme

168 1709 268 1751 situ
289 1710 392 1750 81815
410 1722 519 1763 pour
538 1710 623 1750 moi
650 1722 733 1750 une
764 1709 942 1750 seconde
975 1711 1105 1750 mere.
1127 1710 1388 1762 Seulement,
1417 1723 1525 1763 pour
1558 1716 1652 1752 tous
1679 1711 1743 1754 les

166 1774 362 1816 hienfaits
393 1787 474 1828 que
508 1775 583 1827 j'ai
620 1788 719 1828 recu
750 1775 800 1815 de
833 1775 906 1822 toi,
937 1776 982 1827 Je
1014 1775 1176 1815 n'aurei
1209 1777 1234 1814 8
1270 1776 1420 1816 1’0111·11·
1453 1778 1581 1830 qu’un
1619 1790 1742 1832 corpe

167 1840 348 1892 emeigri
378 1844 421 1881 et
450 1840 606 1893 epuisc.
630 1840 783 1894 (Justin
812 1840 1080 1880 Florimonde
1099 1846 1141 1879 et
1159 1841 1368 1892 plusieurs
1398 1843 1572 1895 autres.)
1594 1859 1613 1879 »
1639 1844 1677 1884 11
1695 1855 1742 1886 se

167 1906 334 1958 refugie
353 1906 516 1947 ensuite
535 1907 639 1947 dans
659 1907 697 1946 le
717 1907 953 1946 monestere
974 1906 1024 1945 de
1045 1907 1155 1946 saint
1169 1906 1277 1955 Just,
1300 1907 1352 1947 de
1371 1906 1525 1948 l'ordre
1548 1908 1601 1948 de
1628 1909 1741 1952 saint

170 2145 270 2189 Rege
290 2143 406 2180 David
425 2143 472 2179 ad
490 2143 586 2179 aulae
605 2143 761 2180 delicias
781 2148 816 2179 81
830 2153 933 2180 men-

171 2201 252 2227 sam
283 2191 424 2236 regiam
456 2194 667 2234 vocaretur,
701 2191 893 2237 respondit
924 2202 931 2226 :

974 2143 1128 2179 Carolus
1184 2143 1211 2180 V
1264 2144 1485 2190 Imperator,
1539 2146 1602 2191 qui
1649 2156 1740 2186 cum

974 2191 1072 2226 inter
1104 2190 1290 2228 bellorum
1324 2194 1460 2228 fluctus
1494 2193 1645 2237 triginta
1671 2205 1740 2233 sex

175 2251 190 2270 ι
213 2238 509 2284 Octuagenarius
540 2249 639 2282 5881,
672 2239 854 2285 numquid
875 2239 935 2275 de-

171 2285 308 2323 lectare
348 2290 467 2333 potest
505 2297 655 2322 servum
689 2291 795 2323 tuum
827 2286 935 2323 cibus

170 2337 234 2371 881
253 2338 379 2380 potus,
399 2333 457 2370 vel
488 2334 618 2370 audire
651 2345 803 2380 possum
836 2334 934 2370 ultra

170 2391 302 2418 vocem
323 2386 535 2426 cantorum,
558 2386 621 2418 aut
653 2382 936 2418 cantatricum?

172 2428 352 2475 Obsecro,
374 2434 538 2466 revertar
559 2429 661 2466 lilius
683 2434 781 2475 tuus,
792 2434 826 2466 et
850 2440 933 2466 ino-

171 2476 246 2513 riar
264 2477 305 2514 in
320 2477 469 2513 civitate
488 2487 585 2522 mea,
601 2482 637 2514 81
656 2478 816 2524 sepeliar
828 2477 934 2523 juxta

171 2524 389 2571 sepulcrum
410 2525 529 2561 Patris
563 2524 652 2561 mei.
677 2540 691 2557 ι
727 2526 840 2569 Quasi
871 2526 932 2561 di-

171 2575 255 2608 cat:
278 2571 363 2610 Non
376 2576 432 2608 est
447 2573 541 2608 mihi
563 2583 668 2608 nunc
688 2573 931 2619 cogitandum

172 2617 220 2655 de
243 2619 339 2656 aulae
357 2620 513 2664 delitiis,
534 2630 605 2656 nec
626 2620 724 2656 inter
749 2621 934 2657 tumultus

173 2666 386 2720 agendum3
407 2668 472 2704 sed
493 2678 602 2704 inens
623 2672 697 2704 totu
727 2668 766 2704 in
797 2668 932 2704 solitu-

174 2712 264 2750 dine
294 2715 495 2761 sepulchro
527 2714 740 2762 defigenda,
770 2720 809 2752 ut
843 2716 933 2752 felix

175 2759 223 2796 sit
240 2762 419 2799 transitus
450 2773 496 2800 ex
530 2763 600 2799 hoc
633 2763 802 2800 saeculo:
838 2763 932 2799 illud

175 2809 217 2843 ut
235 2807 454 2856 despiciam,
476 2811 610 2847 mortis
629 2811 764 2847 nuntia
797 2821 932 2848 senec-

177 2857 239 2909 tus
253 2865 315 2892 me
332 2857 522 2895 admonet.
543 2858 726 2896 Praeclare
754 2858 819 2895 ille
838 2859 934 2895 anti-

176 2910 261 2948 quis
312 2905 543 2952 temporibus
588 2906 668 2943 illis
714 2906 935 2943 nominatus

175 2958 257 2988 non
274 2949 322 2990 ab
339 2950 513 2992 similitor
535 2963 624 2992 vero
636 2953 783 2992 5818810
802 2955 934 2992 nostro

973 2239 1085 2274 annis
1119 2239 1267 2285 imperii
1300 2239 1558 2285 gubernacula
1591 2242 1741 2280 tenuis-

973 2292 1040 2326 581,
1063 2291 1212 2322 aetalem
1233 2287 1555 2332 ingravescvmem
1576 2299 1741 2335 8118581)-

974 2333 1095 2377 11885;
1118 2335 1275 2380 sceptris
1295 2336 1539 2378 renuntiavit,
1560 2340 1596 2372 et
1616 2337 1741 2376 comi-

975 2382 1034 2417 tiis
1070 2382 1109 2418 in
1151 2382 1275 2427 Belgio
1307 2383 1460 2419 indictis
1499 2383 1740 2431 Principibus

973 2430 1051 2465 suis
1072 2429 1152 2465 vale
1177 2430 1284 2473 dixit,
1305 2430 1345 2466 in
1379 2431 1598 2476 Hispaniam
1632 2437 1740 2471 1188-

973 2477 1087 2513 51885.
1107 2477 1192 2514 Mox
1213 2488 1299 2514 vero
1317 2477 1379 2514 ubi
1401 2483 1483 2524 post
1499 2479 1741 2526 enavigatum

972 2535 1075 2560 mare
1105 2530 1242 2561 terram
1274 2526 1410 2571 attigit,
1432 2526 1619 2563 caducum
1650 2537 1742 2566 eor-

973 2583 1043 2619 pus
1075 2573 1131 2608 illi
1157 2572 1333 2616 offerens,
1357 2573 1416 2608 his
1446 2573 1584 2610 dicitur
1614 2575 1742 2614 verbis

973 2630 1063 2656 usus
1086 2631 1094 2656 z
1121 2635 1134 2651 «
1158 2621 1277 2665 Salve,
1301 2631 1323 2656 o
1356 2625 1476 2656 mater
1505 2623 1740 2671 communis,

972 2668 1086 2704 chara
1107 2668 1202 2704 inihi
1223 2672 1258 2704 et
1278 2668 1510 2705 desiderata!
1533 2669 1637 2707 Sicut
1661 2681 1741 2709 nu-

972 2716 1042 2751 (lus
1062 2715 1160 2751 exivi
1180 2716 1226 2751 de
1258 2720 1388 2751 ventre
1422 2716 1566 2760 matris,
1589 2718 1642 2755 ita
1661 2728 1741 2756 nu-

972 2764 1042 2798 dus
1061 2763 1108 2798 ad
1129 2767 1163 2798 te
1202 2767 1378 2807 revertar,
1406 2763 1507 2800 velut
1524 2765 1572 2800 ad
1597 2775 1741 2804 secun·-

972 2811 1058 2846 clam
1080 2814 1260 2853 matrem
1281 2814 1318 2847 et
1338 2820 1405 2856 pro
1425 2811 1606 2850 omnibus
1624 2813 1740 2852 beno-

973 2858 1070 2893 liciis
1090 2857 1187 2893 mihi
1205 2868 1228 2892 a
1247 2862 1283 2893 18
1302 2858 1491 2905 praestitis,
1515 2870 1594 2897 non
1615 2860 1736 2900 habeo

971 2905 1074 2941 aliud
1094 2904 1194 2952 quod
1214 2904 1283 2941 tibi
1302 2904 1470 2953 offeram,
1492 2907 1567 2944 nisi
1598 2918 1738 2956 corpus

972 2951 1072 2989 istud
1091 2961 1236 3000 aegrum
1255 2956 1292 2990 et
1324 2953 1527 2992 caducum.
1550 2969 1566 2989 ι
1588 2956 1738 2996 Exinde
