1858 3146
50 0 85 29 Ψ,

35 32 58 69 ,ζ

22 146 29 164 ι

0 178 17 223 ,i
435 167 653 208 rnolsmua
681 176 893 208 emmona
920 168 1048 207 Armis
1076 165 1349 208 n'emnsma.
1627 166 1680 208 85

109 255 202 297 Elle
219 254 439 308 provenait
456 253 557 296 d'un
575 255 666 296 vice
685 255 865 305 naturel,
889 265 944 295 ou
962 254 1061 295 bien
1081 252 1161 295 elle
1186 254 1295 295 etait
1312 252 1576 309 quelquefois
1594 264 1681 297 une

109 319 305 374 punition
325 320 429 361 dont
447 321 552 361 Dieu
571 320 631 360 les
651 320 833 372 frappait
853 322 877 359 3
897 332 1020 360 eause
1041 319 1093 360 de
1112 319 1224 360 leurs
1244 320 1409 372 peches.

163 384 344 425 D‘abord
363 398 420 425 un
439 385 528 426 viee
549 385 715 425 naturel
735 385 777 424 la
793 384 1128 438 communiquait
1150 385 1475 437 frequemment.
1509 386 1683 439 Chaque

106 448 266 501 climat,
305 450 466 503 chaque
509 462 613 502 pays
641 462 666 490 a
695 462 759 490 ses
790 453 1039 502 avantages,
1073 450 1214 490 donne
1246 450 1428 490 certains
1468 453 1680 503 tempera·

107 517 261 565 ments,
284 526 459 567 procure
484 515 689 555 certaines
720 515 940 556 maladies.
974 517 1032 555 La
1061 515 1194 556 Judee
1226 514 1363 568 parait
1394 515 1512 555 avoir
1544 526 1598 555 eu
1628 526 1682 556 en

106 584 286 632 partage
306 584 348 620 et
367 579 492 620 d’une
514 581 701 620 maniere
722 580 991 633 particuliere
1011 583 1119 620 cette
1140 580 1320 620 maladie
1339 580 1533 620 affreuse.
1556 580 1681 620 Aussi

105 645 352 685 trouve-t-on
373 645 476 684 dans
496 645 534 685 le
553 644 758 699 Leve'tz‘que
787 657 870 686 une
892 645 1006 686 foule
1040 645 1091 685 de
1122 645 1200 685 lois
1234 646 1494 686 concernunt
1524 644 1585 684 les
1617 646 1677 685 le-

106 721 256 762 preux,
279 713 320 749 et
337 722 383 750 ce
402 710 506 750 livre
527 710 637 751 saint
656 711 998 751 mentionne-t-il
1018 711 1227 763 plusieurs
1259 711 1436 750 variates
1457 710 1509 750 de
1529 711 1677 762 Lepre.

107 773 249 827 (Levz't.
290 786 363 824 xlx,
403 775 489 828 23.)
528 790 546 811 α
587 775 621 816 11
658 788 685 828 y
723 776 837 816 avait
874 776 925 816 de
961 777 1103 820 meme
1146 775 1365 828 beaucoup
1405 775 1457 815 de
1501 775 1680 828 lepreux

106 838 211 879 dans
247 840 373 879 Israel
411 852 465 880 au
505 843 641 893 temps
673 841 728 881 du
760 841 969 893 Prophete
1001 841 1157 891 Elisee;
1189 845 1231 882 et
1263 841 1513 881 neanmoins
1541 850 1680 880 aucun

105 901 232 944 d’eux
251 916 304 944 ne
323 905 388 945 fut
409 907 545 958 gueri‚
567 907 672 946 mais
693 907 940 957 seulement,
957 909 1146 947 Naaman
1174 907 1246 960 qui
1275 907 1379 947 etait
1410 907 1461 946 «le
1495 906 1632 958 Syrie.
1655 919 1676 944 11

0 970 7 995 1
106 968 242 1010 'Pelles
261 973 356 1010 sont
373 970 433 1011 les
453 972 615 1024 paroles
636 972 686 1012 de
711 972 1082 1026 Notre·Seigneur,
1107 972 1211 1013 dans
1236 972 1472 1024 l'Evangile
1493 972 1543 1012 de
1569 967 1681 1012 saint

106 1034 192 1075 Luc
211 1033 285 1087 (1v‚
305 1035 392 1089 27.)

160 1100 237 1140 Les
257 1101 481 1141 historiens
501 1103 691 1143 donnent
704 1107 812 1143 cette
833 1104 972 1143 raison
988 1116 1094 1156 pour
1115 1103 1334 1156 expliquer
1354 1104 1565 1142 comment
1585 1100 1615 1141 il
1635 1112 1679 1142 se

103 1162 156 1204 fit
167 1165 299 1217 qu'un
311 1166 345 1206 si
358 1167 492 1219 grand
503 1167 678 1208 nombre
687 1168 1042 1218 d’Allemauds,de
1053 1169 1250 1220 Franeais
1261 1173 1301 1209 et
1312 1168 1362 1208 de
1373 1165 1679 1220 Belges,revin-

103 1235 202 1270 rent
214 1230 286 1271 des
299 1233 504 1272 croisades
523 1245 623 1273 avec
636 1233 676 1272 la
691 1234 818 1286 lepre.
836 1235 890 1273 Ils
904 1246 957 1274 en
973 1234 1128 1274 etaient
1142 1234 1356 1274 tellement
1367 1233 1535 1273 infestes
1548 1231 1676 1284 qu'on

104 1293 174 1335 fut
191 1295 332 1348 oblige
353 1298 404 1338 de
422 1298 532 1338 batir
551 1298 759 1351 plusieurs
779 1299 1035 1351 leproseries‚
1053 1299 1157 1339 dont
1177 1298 1500 1351 quelques-unes
1519 1296 1675 1336 subsis-

104 1361 198 1400 tent
216 1373 379 1411 encore,
402 1362 508 1402 mais
526 1363 628 1403 elles
664 1375 715 1403 ne
747 1364 1009 1403 renferment
1039 1375 1177 1403 aucun
1210 1363 1391 1403 malade.
1426 1361 1536 1402 L'air
1566 1360 1678 1402 dela

104 1425 242 1478 patrie
260 1438 312 1466 en
332 1428 537 1480 Belgique
557 1431 599 1468 et
618 1440 670 1468 en
692 1430 851 1468 France
871 1429 978 1468 n'est
1006 1440 1080 1481 pas
1105 1440 1271 1480 propre,
1307 1438 1470 1467 comme
1490 1425 1599 1467 celui
1624 1425 1677 1467 de

104 1490 146 1531 la
163 1491 311 1542 Judee,
334 1494 359 1532 a
377 1493 617 1544 engendrer
636 1498 678 1533 et
698 1495 723 1532 a
743 1484 949 1546 repandre
968 1497 1074 1534 cette
1097 1493 1266 1533 lerrible
1287 1493 1483 1533 maladie.

157 1558 220 1597 En
240 1557 389 1597 second
409 1558 508 1607 lieu,
533 1558 574 1597 la
592 1558 706 1611 lepre
728 1558 791 1598 fut
812 1560 999 1610 envoyee
1031 1559 1333 1606 tres-souveut,
1368 1558 1505 1610 parmi
1536 1556 1596 1597 les
1615 1556 1674 1597 Is-

102 1621 272 1662 raelites
290 1634 452 1663 comme
472 1634 556 1663 une
578 1623 772 1676 punition
795 1623 850 1663 du
871 1623 1017 1676 peche,
1039 1627 1080 1663 et
1099 1623 1173 1663 des
1198 1623 1283 1663 lors
1315 1623 1395 1664 elle
1414 1622 1517 1663 etait
1536 1622 1675 1675 plutot

101 1698 161 1727 un
177 1686 286 1727 fleau
306 1688 356 1728 de
377 1687 480 1728 Dieu
502 1688 657 1740 qu'une
677 1689 860 1728 maledie
883 1688 1108 1729 naturelle.

154 1753 218 1794 On
235 1752 285 1793 lit
303 1753 406 1793 dans
426 1753 463 1794 le
482 1752 916 1806 Deuteronome(xx1v‚
939 1754 981 1806 8)
1004 1767 1013 1794 :
1042 1768 1061 1793 ιι
1081 1754 1223 1794 Evitez
1255 1765 1356 1794 avec
1386 1764 1443 1794 un
1480 1753 1672 1795 extreme

91 1818 190 1858 Υ110111
221 1820 315 1859 tout
354 1829 399 1859 ce
432 1818 505 1871 qui
539 1819 731 1871 pourrait
766 1831 869 1859 vous
906 1820 1012 1859 faire
1044 1819 1209 1859 tomber
1249 1819 1352 1860 dans
1390 1819 1432 1859 la
1469 1819 1580 1872 plaie
1618 1817 1672 1859 de

99 1882 142 1924 la
165 1882 297 1936 lepre.
318 1884 456 1924 Faites
488 1895 594 1936 pour
626 1885 713 1924 cela
753 1889 844 1925 tout
863 1897 908 1924 ce
940 1896 1023 1937 que
1055 1884 1114 1925 les
1145 1885 1306 1937 pretres
1337 1884 1388 1925 de
1420 1884 1461 1925 la
1491 1896 1587 1925 race
1618 1883 1670 1925 de

97 1947 199 1988 Levi
219 1959 320 1988 vous
339 1949 639 2001 enseigneront
657 1950 774 1989 selon
794 1962 839 1989 ce
859 1961 942 2002 que
957 1950 1002 2001 je
1022 1949 1114 1990 leur
1133 1950 1173 1990 ai
1192 1950 1458 1990 commende.
1482 1965 1500 1988 n

154 2014 212 2054 La
229 2015 343 2067 lepre
362 2014 464 2054 etait
482 2014 590 2054 donc
610 2015 648 2055 la
668 2014 862 2067 punition
884 2015 1098 2055 ordinaire
1117 2015 1169 2055 de
1190 2015 1231 2055 la
1250 2015 1565 2056 desobeissanee
1585 2026 1671 2055 aux

100 2180 158 2218 vel
179 2191 223 2217 ex
246 2182 335 2218 vitio
355 2181 518 2228 quodam
539 2186 698 2227 naturae,
719 2182 776 2219 vel
797 2183 865 2219 im·

99 2228 215 2265 missa
235 2240 257 2265 a
280 2230 353 2266 Deo
383 2239 661 2276 nonnunquam
688 2229 727 2266 in
749 2231 864 2276 puni-

98 2275 243 2313 tionem
275 2277 410 2324 eulpae.
445 2278 569 2314 Primo
602 2288 647 2314 ex
675 2277 763 2315 vitio
792 2289 862 2315 na-

100 2327 194 2361 turae
214 2323 389 2372 frequens
410 2325 494 2370 suit,
516 2335 603 2371 quia
628 2325 724 2362 sicut
744 2326 784 2362 in
805 2337 864 2373 ge·

98 2371 220 2408 nerali
251 2372 395 2409 diversa
434 2372 588 2409 elimata
620 2378 655 2410 et
694 2373 864 2419 regiones

97 2418 255 2456 diversis
269 2420 523 2467 qualitatibus,
536 2421 864 2468 complexionibus

98 2466 241 2504 morbis
262 2472 351 2504 sunt
375 2467 564 2512 obnoxiae,
588 2469 642 2506 sic
674 2469 714 2505 in
744 2470 861 2515 parti-

98 2514 219 2552 culari
238 2515 365 2552 Judaea
378 2516 524 2552 videtur
545 2516 720 2554 habuisse
739 2516 863 2564 dispo-

78 2564 80 2566 '
101 2561 255 2599 sitiones
274 2563 321 2599 ad
349 2563 451 2599 hunc
479 2564 667 2601 morbum.
694 2565 790 2601 Hinc
812 2570 864 2602 tot

100 2607 200 2658 leges
219 2610 265 2647 de
286 2610 456 2658 Leprosis
480 2612 521 2648 in
545 2612 720 2656 Levitico,
743 2611 806 2648 ubi
828 2618 864 2650 et

101 2654 151 2710 de·
167 2657 367 2705 multiplici
394 2669 530 2705 genere
556 2659 670 2706 leprae
690 2660 731 2696 fit
752 2670 861 2697 men-

103 2704 167 2741 tio.
187 2704 232 2742 Et
253 2706 434 2743 Dominus
455 2716 465 2744 :
485 2719 499 2738 <t
523 2706 630 2744 Multi
652 2708 801 2754 Leprosi
823 2709 863 2745 in

101 2748 215 2789 lsrael
240 2752 309 2790 sub
342 2753 465 2790 Eliseo
499 2754 696 2801 Propheta,
719 2760 755 2792 et
786 2766 863 2793 non

103 2801 159 2834 ost
176 2801 376 2838 mundatus
408 2802 482 2838 nisi
510 2802 680 2840 Naaman
700 2803 826 2850 Syrus.
846 2818 859 2836 »

104 2844 332 2894 Quapropter
364 2849 540 2887 HistorIci
580 2851 731 2887 tradunt
766 2851 863 2888 hanc
899 2851 1006 2898 Juxta
1039 2850 1076 2887 id
1115 2849 1215 2895 quod
1254 2849 1418 2903 praecepi
1451 2848 1519 2885 eis.
1557 2862 1571 2879 n

904 2182 1045 2230 lepram
1067 2193 1195 2220 secum
1213 2182 1422 2228 retulerint,
1445 2182 1496 2218 ita
1509 2186 1549 2218 ut
1563 2191 1671 2228 opor-

905 2231 1016 2267 tuerit
1036 2232 1128 2278 erigi
1143 2231 1262 2267 varias
1274 2231 1409 2266 domus
1430 2230 1667 2275 leprosarias,

905 2279 1015 2315 modo
1043 2279 1167 2316 adbuc
1200 2283 1383 2324 extantes,
1406 2278 1470 2314 scd
1503 2277 1586 2314 sine
1620 2276 1671 2313 le·

904 2326 1036 2373 prosis,
1059 2327 1146 2373 quia
1165 2337 1228 2363 aer
1255 2326 1399 2373 patrius
1420 2335 1498 2362 non
1519 2325 1569 2360 ita
1589 2324 1669 2360 dis-

903 2375 1047 2420 positus
1081 2374 1151 2411 suit
1181 2375 1227 2410 ad
1264 2373 1576 2420 ingenerandam,
1609 2371 1669 2409 vel

904 2423 1102 2459 fovendam
1154 2422 1296 2468 lepram
1335 2422 1376 2457 in
1415 2421 1557 2467 Belgio,
1604 2423 1671 2456 aut

903 2470 1037 2514 Gallia,
1059 2470 1156 2506 sicut
1176 2470 1218 2506 in
1236 2469 1378 2505 Judaea.
1499 2514 1505 2520 1
1595 2513 1604 2521 .

950 2518 1123 2554 Secundo
1168 2518 1282 2554 etiam
1320 2515 1451 2552 crebro
1496 2523 1670 2551 lmmissa

904 2565 973 2602 suit
1010 2565 1115 2612 lepra
1154 2566 1193 2601 in
1231 2565 1469 2620 punitionem
1507 2561 1666 2608 peccati,

903 2613 954 2649 ita
973 2618 1012 2649 ut
1032 2623 1111 2650 non
1132 2617 1208 2648 13111
1229 2614 1321 2648 toret
1342 2614 1496 2646 morbus
1515 2613 1666 2646 natura-

902 2660 962 2704 tis,
986 2671 1099 2707 quam
1120 2660 1229 2706 plaga
1258 2659 1384 2695 divina
1407 2668 1415 2694 :
1454 2673 1467 2690 ιι
1503 2657 1670 2694 Observa

902 2708 1116 2754 diligenter,
1147 2717 1196 2743 ne
1227 2707 1399 2743 incurras
1427 2705 1577 2752 plagam
1610 2704 1669 2742 le-

903 2766 994 2803 proe,
1012 2756 1075 2793 sed
1099 2756 1213 2791 facies
1245 2756 1494 2800 quaecumque
1524 2753 1667 2789 docue-

904 2804 979 2840 rint
1005 2809 1040 2840 te
1071 2802 1289 2839 Sacerdotes
1319 2801 1471 2837 Levitiei
1502 2800 1668 2847 generis,

1613 2847 1670 2886 Ex

102 2890 222 2931 fuisse
237 2896 386 2933 eausam
405 2907 473 2934 cur
502 2901 670 2944 tempore
691 2898 781 2936 belli
801 2909 862 2935 sa·
902 2909 976 2945 quo
997 2898 1132 2943 collige
1154 2895 1451 2934 inobedientiam
1483 2906 1570 2943 erga
1599 2894 1668 2934 Sa-

103 2938 159 2976 cri
179 2942 232 2977 wt
251 2939 439 2991 Germani,
462 2944 574 2990 Galli,
596 2946 731 2994 Belgae,
753 2957 773 2983 e
794 2947 863 2983 ,111-
901 2946 1072 2984 cerdotes
1091 2944 1242 2980 solitam
1261 2944 1390 2991 puniri
1417 2944 1547 2990 lepra;
1571 2942 1670 2981 sieut

101 2986 185 3024 daea
202 2988 246 3026 in
271 2991 433 3037 paurum
463 2993 587 3031 solum
620 2998 859 3040 revertentes,
903 2998 938 3031 et
957 2993 1083 3040 gravia
1101 2995 1256 3040 peccata
1273 2991 1390 3029 simili
1408 3001 1522 3039 poena
1541 2990 1669 3029 mule-
