1858 3146
204 251 265 291 La
282 250 398 291 mere
416 250 468 291 (16
487 249 608 298 Π166,
626 248 733 288 dans
751 247 793 287 la
809 247 946 300 partie
964 247 1017 287 de
1047 259 1094 287 56
1123 246 1190 286 vie
1221 246 1295 299 qui
1326 258 1433 286 nous
1454 258 1611 300 occupo
1634 255 1716 287 {u-

147 314 381 368 jourd’hui‚
401 326 506 355 nous
520 315 590 354 651
603 324 663 353 un
683 312 876 365 exemple
895 312 947 352 de
978 315 1086 352 cette
1117 311 1287 352 volonte
1318 311 1474 351 divine.
1508 313 1572 352 En
1602 311 1717 362 effe&

149 380 320 433 lorsque
339 380 379 421 le
397 378 580 433 premier
597 378 712 430 jour,
733 379 985 418 retournant
1003 380 1029 417 a
1047 377 1269 426 Nazareth,
1292 376 1372 416 elle
1391 388 1446 417 ne
1465 379 1615 417 trouva
1627 386 1718 430 pne,

150 443 190 486 le
209 446 309 496 seir,
332 457 408 486 son
425 444 576 484 entant
594 442 731 495 parmi
750 453 815 482 ses
835 447 1006 494 parents
1024 445 1068 482 et
1086 442 1146 481 les
1159 453 1387 493 personnes
1402 441 1454 482 de
1472 453 1518 480 sa
1536 442 1722 482 connais·-

150 521 286 559 aanoe,
307 511 387 550 elle
404 520 526 562 passa
543 507 584 548 la
602 508 697 548 nuit
716 507 876 547 entiere
907 507 1013 547 dans
1044 506 1300 554 l'afflietion‚
1323 506 1382 546 les
1402 506 1721 558 gemissements

149 578 194 616 61
211 574 272 616 165
288 574 484 628 Ρ1616165,
505 575 548 614 61
567 585 610 614 56
628 573 773 613 levant
792 571 844 612 de
866 573 1001 624 grand
1022 572 1155 611 matin
1187 571 1266 612 elle
1297 575 1374 624 put
1404 571 1573 612 s'ecrier
1595 584 1605 610 :
1631 585 1651 608 (ι
1671 572 1721 612 Je

149 650 218 681 me
236 639 407 688 leverai‚
425 639 470 691 je
488 638 594 679 ferai
613 638 652 678 le
672 640 773 678 tour
793 638 844 679 de
863 638 905 678 16
923 637 1022 678 ville
1041 641 1083 677 et
1099 638 1142 689 je
1162 637 1405 677 chercherai
1437 636 1546 677 celui
1566 637 1640 689 qui
1658 640 1722 677 est

147 705 191 746 16
204 704 436 744 bien-aime
455 704 507 744 de
526 715 627 744 mon
646 705 754 751 ame,
779 718 799 739 »
833 702 973 756 (Cant.
1008 714 1070 752 11¹,
1105 703 1166 755 Ξ.)
1195 706 1239 742 61
1269 702 1437 754 ajouter
1460 715 1468 742 :
1497 716 1518 740 α
1536 702 1585 742 ,16
1615 713 1721 743 vous

147 768 335 821 conjure,
356 770 382 809 ὀ
402 769 507 811 111165
526 769 578 810 (16
595 768 844 819 Jerusalem,
866 769 918 808 (16
938 768 997 808 lui
1017 768 1106 808 dire
1126 780 1208 820 que
1224 767 1268 820 je
1289 768 1459 820 languis
1478 767 1717 807 d'amour.»

147 833 283 887 (Cant.
308 846 348 884 v,
372 833 430 887 8.)

199 901 260 940 La
277 899 456 939 douleur
475 911 518 939 se
537 899 677 939 melan
684 899 798 952 geait
815 910 917 939 avee
935 911 1011 938 son
1031 910 1195 947 amour,
1221 901 1263 937 et
1294 910 1369 938 son
1389 910 1540 938 amour
1558 909 1659 938 avec
1676 910 1723 939 sa

146 963 340 1004 douleur.
361 964 460 1004 Plus
480 975 555 1004 son
575 975 728 1004 amour
747 960 1001 1016 grandissait
1020 967 1062 1004 et
1082 963 1174 1016 plus
1191 962 1445 1015 grandissait
1463 975 1508 1003 sa
1527 962 1720 1004 douleur.

145 1029 200 1070 m
218 1028 291 1069 (165
308 1029 406 1079 lors,
430 1041 484 1070 ne
504 1030 911 1082 compatirons-nous
928 1041 1002 1081 pas
1034 1041 1119 1068 aux
1150 1029 1408 1069 souffranees
1435 1031 1477 1068 et
1496 1030 1521 1068 6
1541 1028 1721 1068 l'amour

145 1093 198 1134 de
217 1098 325 1134 66116
342 1106 502 1147 pauvre
522 1097 637 1135 mere
656 1095 855 1135 habituee
875 1096 900 1134 a
919 1095 959 1134 16
978 1094 1044 1134 vie
1059 1094 1245 1134 solitaire
1264 1096 1306 1134 61
1323 1094 1463 1133 forceo
1481 1093 1534 1132 de
1553 1093 1722 1134 revenit

146 1169 219 1199 sur
237 1171 303 1199 ses
322 1172 397 1212 pas
417 1163 458 1200 et
476 1159 528 1200 de
547 1172 592 1200 se
611 1162 763 1200 mettre
783 1162 809 1199 6
840 1159 879 1199 16
910 1159 1135 1199 recherche
1167 1159 1218 1198 de
1249 1171 1325 1198 son
1352 1158 1419 1198 fils
1455 1157 1722 1199 bien-aime?

147 1223 237 1265 Am
261 1224 491 1264 disons-lui
512 1236 522 1264 z
547 1241 565 1262 α
589 1226 654 1266 On
673 1228 735 1265 est
754 1224 835 1264 6116
854 1228 973 1264 votre
1005 1224 1250 1273 bien-aime,
1273 1225 1298 1263 ὀ
1317 1223 1358 1263 16
1386 1224 1479 1276 plus
1509 1223 1618 1263 belle
1646 1223 1722 1264 des

498 168 681 201 1661116111
700 168 916 199 muamus
944 160 1072 198 aruns
1099 157 1373 199 L'srrrnamn.

146 1289 338 1339 femmes‚
362 1291 417 1329 oti
450 1290 548 1330 s'est
575 1290 703 1330 retire
734 1292 853 1329 votre
883 1289 1106 1328 bien-aime
1137 1292 1180 1328 61
1210 1300 1315 1328 nous
1347 1288 1492 1328 l'irons
1521 1287 1723 1330 cherchor

145 1362 246 1395 avec
263 1355 396 1395 vous?
415 1368 435 1393 n
459 1354 596 1407 (Cant.
620 1366 660 1402 v,
686 1354 770 1406 17.)

202 1419 450 1460 Suivons-la
479 1422 524 1460 61
554 1419 786 1460 cherchons
817 1418 856 1458 le
889 1418 1118 1458 bien-aime
1150 1418 1255 1457 (1665
1286 1418 1327 1457 la
1357 1417 1522 1458 maison
1552 1417 1605 1458 de
1647 1429 1721 1458 566

143 1484 259 1537 pere.

197 1550 232 1588 Α
251 1548 378 1601 peine
395 1548 557 1589 arrivee
589 1550 614 1588 a
644 1549 894 1599 Jerusalem,
926 1548 1057 1589 Marie
1090 1560 1132 1588 56
1165 1548 1305 1588 1·66(111
1344 1561 1398 1588 66
1430 1548 1588 1600 temple
1616 1558 1718 1589 aven

141 1613 312 1666 loseph.
334 1613 423 1654 Elle
444 1614 698 1654 connaissait
718 1614 758 1654 la
777 1626 873 1654 rare
886 1614 996 1667 piete
1017 1614 1068 1654 de
1089 1626 1164 1653 son
1178 1613 1326 1653 enfant
1346 1613 1483 1653 616116
1496 1613 1601 1654 etait
1621 1614 1719 1654 sure

141 1677 193 1719 de
213 1678 254 1719 16
272 1682 443 1720 trouver
460 1680 502 1720 16
529 1680 668 1733 plutot
700 1679 959 1732 qu'ailleurs.
994 1679 1048 1719 Ils
1080 1691 1132 1718 ne
1163 1683 1261 1719 sont
1290 1691 1365 1731 pas
1396 1681 1582 1731 trompes
1615 1679 1720 1719 dans

140 1742 233 1784 leur
251 1747 426 1785 attente.
446 1744 501 1785 lls
520 1744 559 1785 le
579 1747 839 1795 retrouvent,
862 1745 998 1785 disent
1011 1745 1071 1785 les
1083 1748 1254 1786 auteurs
1267 1746 1418 1793 666165,
1441 1744 1480 1784 16
1500 1744 1717 1785 troisieme

137 1808 251 1861 Jour,
274 1809 521 1850 o'est-a-dire
541 1822 595 1851 66
616 1813 978 1851 eommeneement
997 1811 1053 1850 du
1074 1810 1286 1850 troisieme
1301 1810 1416 1860 jour,
1438 1810 1542 1850 dans
1563 1810 1602 1850 16
1622 1821 1719 1850 sens

140 1873 280 1916 donne
299 1886 375 1927 par
393 1875 506 1915 saint
524 1876 652 1925 Marc,
674 1876 844 1928 lorsque
863 1888 909 1915 06
929 1876 1039 1915 saint
1064 1875 1333 1927 Evangeliste
1365 1874 1530 1915 declax-e
1562 1887 1645 1928 que
1677 1874 1717 1915 16

141 1939 279 1981 Christ
310 1940 576 1980 ressuscitera
612 1942 733 1994 apres
772 1941 875 1980 trois
907 1941 1042 1992 jours.
1067 1943 1100 1980 Ο
1120 1940 1311 1980 triduum
1341 1940 1445 1993 qu'il
1476 1940 1568 1980 faut
1599 1939 1710 1980 6616-

140 2003 238 2044 brer
263 2016 364 2044 avec
377 2016 462 2044 une
485 2005 684 2045 devotion
704 2005 971 2057 particuliere
991 2018 1140 2046 envers
1154 2006 1192 2046 le
1213 2005 1278 2045 fils
1294 2009 1334 2045 61
1348 2017 1494 2045 envers
1519 2005 1562 2044 16
1581 2007 1713 2045 mere.

151 2184 157 2189 ·
184 2171 348 2207 Cernere
367 2171 405 2207 id
427 2170 514 2208 11661
533 2171 645 2208 hodie
675 2172 713 2208 in
747 2173 902 2218 Deipara
942 2172 1102 2208 dilectus
1122 2176 1224 2215 tuus,
1242 2184 1262 2206 o
1283 2170 1545 2217 pulcherrima
1578 2170 1718 2206 mulie-

140 2222 283 2255 nostra.
305 2219 454 2255 Etenim
475 2229 562 2255 cum
584 2219 764 2258 Nazareth
780 2221 903 2267 primo
944 2231 1042 2261 rum,
1063 2230 1137 2265 quo
1175 2219 1380 2255 declinavit
1417 2218 1580 2255 dilectus
1612 2222 1717 2264 tuus,

140 2265 202 2302 die
218 2265 391 2310 redisset,
405 2271 441 2303 et
463 2267 607 2314 vesperi
634 2268 732 2304 inter
759 2278 902 2310 eogna-
942 2272 978 2304 et
997 2277 1209 2313 quaeremus
1229 2277 1318 2303 eum
1349 2268 1502 2303 tecum?
1524 2281 1537 2296 ι
1567 2266 1714 2312 Sequa-

140 2316 199 2350 105
216 2317 251 2349 61
272 2318 380 2350 notos
411 2324 571 2360 puerum
603 2325 682 2351 non
706 2316 901 2362 reperiret,
943 2325 1027 2351 inur
1046 2320 1082 2351 et
1102 2315 1339 2362 requiramus
1370 2314 1553 2350 dilectum
1579 2313 1621 2349 in
1639 2313 1715 2350 (10-

139 2365 292 2398 11061661
311 2361 419 2397 duxit
450 2360 655 2399 afflictione
687 2363 841 2409 plenam
862 2363 902 2399 in
943 2373 1004 2400 mo
1029 2363 1144 2399 Patris
1175 2363 1247 2398 sui.
1271 2362 1358 2398 Mox
1378 2362 1482 2398 enim
1504 2360 1568 2397 ubi
1595 2360 1713 2398 Maria

139 2407 282 2455 gemitu
302 2414 338 2445 et
357 2410 541 2455 suspiriis.
566 2410 650 2447 Mox
676 2421 788 2447 mane
807 2421 902 2448 con-
941 2411 1093 2447 advenit
1141 2410 1364 2452 Jerusalem,
1406 2409 1591 2454 templum
1635 2407 1716 2445 afflt

139 2462 313 2502 5613665,
331 2457 454 2503 potuit
473 2457 598 2494 dicere
621 2468 629 2493 :
655 2472 670 2489 u
687 2458 845 2506 Surgam
865 2463 904 2495 et
942 2469 1029 2495 cuin
1049 2458 1227 2504 josepho,
1249 2458 1375 2494 sciens
1396 2455 1714 2509 pueri-eximiam

943 2506 1133 2553 pietatem,
1157 2506 1316 2551 ideoque
1347 2505 1471 2551 potius
1512 2502 1566 2539 ibi
1626 2513 1713 2540 uam

140 2502 309 2541 otrouibo
343 2505 548 2550 civitatem,
586 2515 753 2552 quaeram
790 2516 902 2553 quem

941 2554 1033 2590 alibi
1054 2554 1340 2590 inveniendum.
1366 2551 1442 2588 Nec
1478 2550 1573 2587 votis
1618 2559 1710 2587 rau-

139 2550 264 2598 diligit
280 2552 409 2588 anima
428 2563 563 2597 meam
586 2557 623 2589 et
643 2553 738 2590 illud
760 2564 768 2590 :
797 2567 811 2585 ε
836 2554 903 2590 Ad-

136 2597 223 2645 iuro
242 2608 320 2644 vos,
343 2599 432 2636 filiae
450 2600 672 2645 Jerusalem,
695 2605 735 2637 ut
754 2602 903 2638 nuntie-

139 2645 188 2683 tis
205 2645 344 2684 dilecto
365 2647 452 2693 quia
472 2658 600 2685 amore
620 2648 793 2695 langueo.

156 2708 161 2711 ·
187 2692 267 2732 Noc
302 2704 408 2731 amor
439 2695 521 2742 ejus
551 2696 635 2732 sine
663 2696 810 2740 dolore,
829 2706 903 2732 neo

139 2739 247 2778 dolor
265 2747 344 2779 emt
363 2742 446 2779 sine
464 2753 616 2787 amore;
632 2748 670 2780 et
688 2754 765 2790 quo
782 2744 902 2790 major

941 2602 1093 2645 dantur,
1115 2601 1179 2637 sed
1214 2601 1268 2636 ibi
1301 2609 1390 2636 oum
1423 2598 1619 2645 reperiunt
1648 2608 1712 2635 se-

941 2650 1094 2686 dentem
1115 2649 1156 2684 in
1176 2648 1302 2684 medio
1325 2646 1712 2690 Doctorum,audien-

943 2701 1018 2734 tem
1056 2697 1157 2739 illos,
1196 2700 1232 2731 et
1270 2695 1580 2740 interrogantem.
1624 2694 1711 2731 Post

943 2745 1109 2781 triduum
1154 2750 1279 2779 autem
1328 2741 1466 2778 dicitur
1515 2742 1710 2790 inventus,

139 2796 258 2834 mor,
279 2799 323 2827 eo
343 2789 450 2827 dolor
468 2791 643 2837 amplior.
665 2792 763 2836 Quid
782 2793 903 2838 ergo?
942 2796 1025 2838 post
1044 2792 1212 2828 triduum
1232 2789 1377 2826 scilieet
1406 2788 1646 2833 inchoatum,
1665 2798 1712 2826 66

139 2834 295 2875 huon
311 2841 351 2874 et
369 2847 439 2875 nes
458 2839 734 2885 compatiemur
760 2839 902 2876 dolenti
941 2840 1069 2886 phrasi
1101 2849 1174 2885 qua
1207 2837 1356 2874 Marcus
1382 2836 1482 2873 dixit
1516 2837 1710 2874 Christum

143 2884 187 2919 n·
211 2884 371 2930 manti,
398 2895 486 2923 eum
523 2886 719 2924 solitudini
752 2891 902 2924 assueta
942 2892 1024 2934 post
1044 2892 1116 2922 tres
1136 2886 1217 2921 dies
1237 2889 1549 2922 resurrecturum.

141 2925 236 2967 iuret
269 2931 409 2970 imum
444 2933 616 2979 abeunti,
648 2939 684 2971 et
719 2934 901 2972 dilectum

988 2935 1019 2970 Ο
1057 2933 1225 2969 triduum
1261 2932 1416 2979 speciali
1465 2932 1512 2968 ad
1555 2931 1710 2978 Filium,

143 2979 353 3024 quntum
371 2980 550 3019 uiuamus
567 2982 650 3020 mi:
671 2997 687 3016 α
705 2983 791 3028 Quo
809 2982 904 3020 abiit
941 2980 1096 3028 speciali
1114 2980 1163 3017 ad
1182 2980 1340 3018 Matrem
1369 2979 1570 3016 devotione
1597 2988 1709 3017 reeo-
