1858 3146
174 103 226 143 32

177 189 279 230 dans
296 200 355 228 un
374 188 455 239 ege
473 185 509 225 si
526 184 688 234 tendre,
708 184 909 224 instruire
928 183 988 224 les
1006 188 1147 223 autres
1166 185 1208 223 et
1235 181 1401 222 fournir
1432 193 1519 223 aux
1547 183 1742 226 docteurs

174 253 400 296 l'occasion
418 251 470 292 de
490 263 532 291 se
552 249 782 291 demander
795 248 859 289 s’il
871 261 925 289 ne
938 249 1066 289 serait
1077 261 1152 302 pas
1173 247 1390 288 lui-meme
1403 250 1468 288 cet
1481 248 1628 288 enfant
1642 261 1740 301 que,

176 320 308 360 douze
327 330 404 358 ans
421 319 701 369 auparmant,
722 314 782 355 les
803 314 947 367 Meges
965 314 1135 354 avaient
1160 312 1385 353 recherche
1417 324 1524 364 pour
1542 314 1604 354 lui
1624 314 1744 354 offrir

174 385 288 425 leurs
307 382 565 432 adorations‚
588 383 630 421 et
648 392 730 433 que
749 380 809 419 les
824 380 957 431 justes
976 379 1146 420 avaient
1164 390 1351 418 reconnu
1375 378 1480 418 dans
1498 378 1538 419 le
1555 380 1713 432 temple
1729 392 1741 429 ;

176 449 241 490 s’il
258 460 313 489 ne
332 448 459 488 serait
477 458 551 499 pas
568 445 779 485 vraiment
797 444 839 484 le
855 444 1018 495 Messie,
1039 445 1078 484 le
1097 444 1162 484 roi
1180 443 1338 496 promis
1369 454 1476 496 pour
1507 455 1746 496 gouverner

178 517 222 556 et
238 513 430 554 rachater
448 511 592 552 lsrael.
1250 506 1253 510 ’

230 580 408 619 Passons
428 577 694 617 maintenant
719 587 804 614 aux
834 574 998 626 paroles
1029 586 1110 626 que
1141 573 1273 614 Marie
1304 573 1473 613 adressa
1504 576 1529 613 ἐι
1559 586 1636 614 son
1664 573 1746 615 fils.

179 643 330 694 Quand
348 644 389 683 le
407 642 522 682 foule
542 641 613 680 des
633 640 825 680 docteurs
845 642 887 679 et
907 639 978 679 des
1003 639 1219 679 auditeurs
1249 650 1292 679 se
1321 639 1385 679 fut
1410 639 1592 688 ecoulee,
1616 639 1748 681 Marie

177 708 424 762 s'approcha
442 707 493 747 de
512 707 631 747 Jesus
651 708 693 745 et
712 704 773 743 lui
793 705 856 744 dit
879 718 888 744 z
915 718 934 742 «
954 704 1052 744 Mon
1083 703 1163 755 fils,
1184 703 1394 757 pourquoi
1426 716 1654 744 avez-vous
1672 703 1746 756 agi

177 774 230 816 de
248 774 290 814 la
308 776 418 813 sorte
437 783 538 811 avec
556 783 676 821 nous,
699 773 821 809 notre
840 771 938 821 pere
963 772 1006 809 et
1025 769 1111 809 moi
1133 769 1206 821 qui
1229 781 1333 809 vous
1359 769 1602 809 cherchions
1633 771 1750 810 etant

176 843 272 880 tous
291 836 482 889 affliges?
506 851 525 872 »
549 835 662 888 (Luc.
683 845 730 882 11,
752 834 839 886 48.)

231 906 345 945 Nous
363 914 492 943 avons
510 901 606 953 deja
625 900 765 940 donne
785 900 879 951 plus
898 898 1003 939 haut
1035 898 1236 951 quelques
1267 898 1543 951 explications
1575 911 1648 939 sur
1679 911 1747 940 ces

177 969 369 1023 paroles3
393 979 500 1007 nous
520 966 662 1006 ferons
682 964 878 1004 toutefois
897 975 1143 1016 remarquer
1174 964 1229 1003 ici
1261 963 1432 1016 qu'elles
1464 975 1518 1003 ne
1552 964 1752 1005 denotent

178 1045 316 1074 aucun
335 1032 568 1072 sentiment
587 1029 835 1069 d'ambition
867 1032 907 1068 et
938 1028 1159 1080 d’orgueil,
1194 1028 1240 1068 ni
1271 1028 1580 1081 d’indignation
1618 1033 1660 1069 et
1697 1028 1750 1069 de

180 1099 331 1139 colere.
354 1096 545 1138 Certains
566 1095 806 1146 heretiques
826 1096 900 1133 ont
920 1095 1098 1133 soutenu
1119 1104 1200 1144 que
1220 1093 1352 1133 Merie
1383 1093 1496 1133 avait
1522 1105 1576 1134 eu
1605 1094 1656 1134 de
1675 1105 1751 1147 pa-

180 1163 319 1203 reilles
339 1163 510 1214 pensees
533 1173 542 1198 :
565 1159 664 1198 c’est
682 1170 759 1211 par
778 1157 958 1209 orgueil,
980 1157 1312 1209 pretendent-ils,
1336 1158 1489 1210 qu'elle
1509 1158 1604 1198 s’est
1622 1158 1752 1199 intro-

183 1227 301 1269 duite
321 1227 424 1267 dans
444 1224 702 1265 l'assemblee
722 1223 795 1263 des
814 1223 1020 1273 docteurS,
1043 1222 1126 1261 afin
1158 1221 1284 1275 qu’on
1314 1223 1356 1262 la
1387 1222 1562 1263 felicitat
1593 1222 1753 1264 d’avoir

182 1292 322 1333 donne
343 1292 380 1331 le
396 1291 496 1342 jour
514 1292 539 1329 ὁ,
558 1301 618 1328 un
637 1288 787 1328 enfant
801 1288 834 1327 si
853 1287 1080 1338 accompli3
1103 1286 1202 1327 c'est
1220 1288 1368 1339 pousse
1400 1300 1476 1340 par
1495 1288 1537 1327 la
1555 1288 1691 1328 colere
1709 1291 1753 1329 et

179 1356 463 1410 l'impatience
502 1354 652 1407 qu'elle
685 1353 745 1392 lui
774 1364 801 1393 a
832 1352 1034 1405 reproche
1066 1352 1386 1405 publiquement:
1427 1353 1586 1393 d’avoir
1617 1355 1754 1393 trans·

180 1423 321 1476 grosse
341 1421 400 1461 les
418 1421 632 1473 preceptes
651 1418 789 1458 divins
807 1417 880 1470 qui
912 1418 1209 1458 commendent
1243 1418 1282 1458 le
1313 1420 1476 1470 respect
1507 1421 1549 1459 et
1581 1418 1752 1459 l’obeis-

181 1498 305 1528 sance
324 1489 348 1525 zi
366 1485 527 1537 l’egard
547 1484 618 1524 des
637 1487 809 1536 parents
827 1485 870 1522 et
890 1482 1049 1523 d’avoir
1068 1483 1206 1523 oublie
1224 1485 1359 1523 tontes
1373 1483 1432 1524 les
1444 1484 1586 1535 peines
1601 1484 1752 1537 qu'elle

181 1552 295 1593 avait
311 1551 516 1591 endurees
534 1561 640 1601 pour
659 1548 719 1587 lui
738 1552 780 1588 et
798 1559 851 1587 en
870 1549 1034 1600 Egypte
1055 1551 1097 1588 et
1117 1548 1262 1600 depuis
1282 1548 1374 1589 leur
1391 1552 1554 1589 retour.

236 1613 391 1658 'rout'es
411 1627 477 1655 ces
496 1613 749 1666 hypotheses
771 1616 866 1652 sont
885 1613 956 1653 des
986 1613 1249 1666 blasphemes
1273 1625 1282 1652 :
1305 1626 1375 1654 car
1407 1614 1537 1655 Marie
1569 1614 1636 1654 fut:
1668 1626 1754 1656 une

181 1681 371 1724 colombe
390 1691 486 1720 sans
504 1679 574 1719 fiel
606 1683 648 1718 et
667 1678 878 1719 d’ailleurs
909 1677 1012 1718 celle
1043 1678 1114 1731 qui
1147 1679 1259 1719 avait
1291 1680 1356 1719 ete
1388 1680 1609 1731 preservee
1641 1679 1692 1720 de
1711 1679 1756 1721 la

180 1746 304 1789 tache
328 1744 550 1797 originelle
570 1756 622 1784 ne
642 1744 815 1796 pouvait
834 1743 924 1783 etre
943 1743 1124 1783 soumise
1145 1745 1170 1783 ἐι
1188 1744 1229 1783 la
1248 1743 1434 1784 violence
1455 1744 1526 1784 des
1546 1745 1754 1796 passionS.

181 1811 218 1854 11
236 1811 298 1852 lui
317 1811 420 1850 etait
439 1809 695 1862 impossible,
717 1808 892 1848 sachant
911 1820 992 1860 que
1011 1821 1086 1848 son
1106 1808 1170 1848 fils
1190 1809 1293 1849 etait
1321 1809 1425 1849 Dieu
1456 1810 1507 1850 de
1527 1809 1587 1849 lui
1614 1821 1756 1863 repro-

183 1876 283 1921 cher
303 1888 385 1916 une
403 1875 517 1915 seule
537 1874 666 1924 faute,
688 1873 767 1914 soit
787 1885 839 1914 en
860 1874 1040 1926 pamles,
1062 1875 1140 1914 soit
1159 1874 1295 1915 meme
1325 1887 1402 1927 par
1434 1874 1476 1915 la
1506 1876 1674 1927 pensee.
1698 1876 1756 1916 Sa

185 1941 392 1984 demanda
411 1940 478 1980 n’a
496 1940 603 1980 donc
622 1951 695 1991 pas
715 1941 780 1979 etc
795 1939 976 1992 inspiree
996 1951 1072 1992 par
1091 1939 1133 1979 la
1151 1939 1330 1980 vivacite
1351 1942 1392 1980 et
1411 1939 1453 1979 la
1473 1939 1635 1991 durete,
1657 1939 1756 1981 c’est

591 106 641 136 1.ss
669 105 872 136 RATIONAL
899 105 974 136 nEs
1002 96 1319 135 Pnssnlcit'rssuns.

185 2106 247 2144 riti
267 2110 374 2143 aetatc
403 2105 639 2148 instruentis,
659 2110 693 2140 ct
730 2105 950 2142 Doctoribus

186 2154 425 2192 occasionem
487 2152 661 2189 raebcntis
693 2152 948 2198 1·ecogitandi;

186 2211 238 2238 nn
259 2211 336 2238 non
358 2201 436 2247 ipsc
472 2205 549 2237 oret
573 2200 636 2236 illc
655 2200 718 2246 qui
738 2205 825 2236 autc
853 2201 948 2236 duo-

187 2247 312 2286 decim
332 2259 454 2284 annos
474 2260 495 2284 a
516 2247 634 2293 Magis
656 2252 693 2283 ut
714 2258 799 2284 eum
814 2248 950 2284 adora-

188 2300 288 2341 rent,
326 2295 445 2332 suerat
491 2295 669 2341 quaesitus
707 2307 728 2331 a
761 2295 872 2341 justis
912 2295 950 2332 in

188 2342 330 2390 templo
367 2342 538 2390 agnitus;
562 2353 639 2379 non
678 2342 831 2379 Messius
870 2353 952 2379 vere

190 2392 299 2435 foret,
339 2394 374 2426 et
412 2390 486 2427 Rex
528 2390 736 2436 promissus
774 2391 950 2427 lsraelem

189 2439 382 2482 docturus,
404 2442 438 2474 ct
459 2437 749 2484 redempturus?

237 2487 427 2530 Quantum
447 2484 493 2522 ud
514 2485 721 2522 secundum
740 2495 747 2521 :
765 2487 857 2522 Cum
874 2486 952 2531 jam

192 2533 335 2570 solutus
356 2533 450 2569 seret
481 2532 696 2570 docentium
730 2537 765 2568 ct
791 2533 952 2569 audien-

192 2581 285 2617 tium
307 2585 439 2624 emtus,
460 2580 618 2617 accessit
638 2580 752 2617 Mutcr
777 2580 822 2616 ud
845 2580 952 2617 illum

192 2631 228 2665 ct
259 2627 384 2663 dixit:
412 2643 424 2657 «ι
453 2627 536 2671 Fili,
558 2627 648 2674 quid
686 2627 807 2664 fecisti
846 2627 954 2665 nobis

193 2674 276 2712 sic?
297 2674 372 2720 Ego
392 2680 426 2710 ct
448 2675 552 2711 Pater
573 2679 658 2712 tuus
676 2674 840 2712 dolentis
854 2686 954 2723 quae-

195 2721 369 2760 rebamus
392 2728 437 2758 te.
462 2738 474 2752 n
501 2723 543 2758 Et
566 2722 645 2760 lioec
664 2723 815 2778 quidem
846 2723 955 2760 verba

197 2771 269 2807 'am
291 2769 425 2816 purtim
447 2770 484 2804 in
506 2770 760 2815 superioribus
774 2770 954 2817 explicui,

223 2817 257 2855 ic
277 2821 402 2854 temen
429 2821 559 2853 contra
591 2818 772 2864 quosdam
803 2818 956 2855 haareti-

194 2875 260 2904 cos
288 2864 575 2910 advertendum,
608 2865 754 2903 nuttam
791 2876 836 2904 cx
880 2866 957 2904 illis

195 2911 320 2952 verbis
340 2910 466 2951 Mariae
485 2923 594 2959 posse
616 2916 744 2952 notum
764 2912 880 2962 inuri,
900 2914 956 2952 vel

988 2105 1207 2142 ambitionis
1228 2111 1263 2142 et
1283 2106 1482 2153 superbiae,
1505 2106 1561 2142 vel
1582 2106 1755 2152 indigna-

991 2153 1103 2189 tionis
1131 2158 1166 2189 ct
1199 2154 1418 2198 iracundiae,
1439 2154 1539 2200 quod
1577 2163 1658 2190 sese
1689 2154 1754 2190 in-

1000 2200 1143 2237 »esset-it
1165 2202 1277 2237 coetui
1299 2212 1375 2248 prm
1400 2201 1622 2245 ambitione,
1648 2201 1754 2237 desi-

988 2214 1125 2285 gcrans
1159 2248 1288 2285 haberi
1318 2254 1435 2285 muter
1468 2254 1544 2285 tam
1573 2247 1756 2295 sapientis

991 2296 1094 2343 pueri
1113 2312 1122 2340 ;
1143 2300 1205 2332 aut
1225 2297 1325 2342 quod
1345 2307 1422 2343 prae
1452 2296 1508 2333 ira
1539 2301 1602 2333 aut
1628 2297 1757 2343 impa-

991 2343 1121 2380 tientia
1154 2343 1305 2390 publice
1337 2354 1424 2380 cum
1452 2344 1617 2390 urguerit
1647 2343 1758 2398 quasi

992 2396 1304 2436 transgressorem
1342 2391 1461 2428 divini
1498 2395 1677 2438 praeceptt
1709 2391 1758 2429 de

993 2438 1210 2485 parentibus
1233 2439 1477 2483 honorandis,
1499 2444 1534 2476 et
1560 2440 1759 2476 immemo-

993 2497 1071 2522 rem
1091 2486 1365 2535 molestiarum,
1380 2497 1471 2534 quas
1496 2487 1615 2534 ipsius
1643 2496 1759 2524 causa

993 2538 1068 2571 tum
1108 2534 1147 2570 in
1186 2535 1340 2581 AEgypto
1373 2545 1485 2582 quam
1524 2534 1616 2571 alibi
1670 2544 1756 2571 assa

992 2586 1083 2618 erut.
1120 2582 1205 2618 llaec
1237 2582 1341 2618 enim
1372 2582 1501 2619 omnia
1537 2582 1643 2628 blasp
1674 2591 1761 2619 ema

993 2633 1096 2673 sunt,
1123 2629 1210 2675 quia
1231 2629 1347 2666 Maria
1366 2629 1542 2666 columba
1570 2629 1640 2666 suit
1673 2629 1758 2666 sine

995 2676 1080 2713 fello
1099 2692 1107 2718 ;
1129 2682 1164 2713 ct
1184 2687 1267 2723 qum
1288 2682 1439 2723 peccato
1471 2676 1648 2724 originali
1674 2685 1756 2714 nou

996 2724 1113 2760 suerat
1133 2723 1309 2771 obnoxiu,
1333 2725 1401 2761 suit
1440 2725 1521 2761 sine
1541 2723 1761 2761 turbulenta

1020 2771 1192 2814 assione;
1213 2776 1249 2808 ct
1268 2782 1355 2809 cum
1378 2772 1499 2809 tilium
1519 2782 1630 2809 suum
1644 2771 1760 2808 sciret

1028 2829 1113 2856 eum
1146 2829 1241 2863 esse,
1264 2830 1341 2857 non
1373 2821 1507 2867 potuit,
1540 2819 1595 2856 vel
1629 2818 1760 2866 verbo,

995 2866 1051 2904 vel
1077 2866 1319 2914 cogitatione,
1346 2877 1432 2904 cum
1459 2867 1603 2914 peccati
1625 2866 1758 2904 redar-

995 2925 1121 2962 guere.
1145 2914 1228 2955 Non
1248 2925 1335 2964 ergo
1367 2915 1478 2953 verbu
1509 2918 1598 2953 sunt
1623 2913 1762 2954 turbu-
