1858 3146
293 179 372 219 ⁴04
703 188 751 218 1⁴ss
780 188 984 219 RATIONAL
1010 188 1084 218 DES
1114 179 1431 219 PRfiDmATssuns.

296 268 392 308 dres
414 265 492 307 elle
513 267 590 306 fait
609 269 716 307 cette
734 266 872 319 priere
895 281 904 307 ε
933 282 953 306 (ι
971 267 1076 307 Dieu
1095 266 1397 320 tout-puissant
1410 270 1452 307 et
1483 267 1657 317 eterneL
1679 269 1858 321 pardon-

295 345 372 373 nez
393 334 418 372 3
438 344 542 372 ceux
561 332 635 385 qui
654 333 747 373 font
766 333 1001 386 penitence‚
1025 334 1195 373 ecoutez
1215 332 1548 373 favorablement
1567 332 1679 373 leurs
1710 335 1858 388 suppli-

294 397 453 438 cations
473 402 515 438 et
534 397 709 449 daignez
729 410 911 450 envoyer
924 398 980 438 du
1000 397 1106 437 haut
1133 397 1205 438 des
1224 397 1346 438 cieux
1365 400 1482 438 votre
1497 397 1608 438 saint
1621 401 1743 450 Ange
1757 411 1858 451 pour

290 462 412 503 benit
426 466 467 503 et
479 463 689 503 sanctifier
701 475 766 503 ces
780 464 964 511 cendres‚
975 463 1060 502 afin
1075 462 1247 514 qu'elles
1259 462 1396 502 soient
1410 475 1468 502 un
1478 463 1647 503 remede
1657 463 1858 505 salutaire

290 540 397 581 pour
417 531 511 567 tous
529 540 635 568 ceux
654 528 726 581 qui
744 528 972 580 implorent
1002 540 1103 567 avec
1136 527 1331 567 humilite
1364 530 1481 567 votre
1501 527 1612 567 saint
1632 540 1748 576 nom,
1770 530 1858 582 qui,

290 593 395 634 dans
413 593 456 633 13
474 593 713 633 conscience
745 592 795 632 de
823 593 935 632 leurs
965 593 1114 640 fantes,
1139 592 1367 632 s’aecusent
1399 594 1672 642 eux-memeS‚
1695 593 1784 646 qui,
1806 606 1858 634 en

287 660 483 712 presence
515 658 566 698 de
597 661 716 697 votre
749 658 889 698 divine
919 658 1140 708 alemenae,
1175 658 1396 710 deplorent
1427 658 1539 698 leurs
1564 659 1730 710 peches,
1767 659 1857 711 qui,

288 735 386 764 avec
408 726 499 763 tout
528 724 567 762 le
587 723 672 763 zele
692 723 743 762 de
763 722 804 762 la
826 723 992 763 ferveur
1012 724 1052 763 la
1071 724 1166 776 plus
1185 724 1293 774 vive,
1312 722 1536 763 sollicitent
1566 723 1858 764 humblement

287 794 406 828 votre
425 787 671 827 souveraine
692 788 984 836 misericorde;
1008 789 1202 840 (leigun,
1226 790 1250 828 ἐι
1271 792 1366 828 tous
1398 800 1502 828 ceux
1522 801 1592 828 sur
1612 788 1687 841 qui
1707 793 1858 830 auront

287 855 353 894 ete
372 853 607 905 repandues
627 865 693 892 ces
712 853 883 893 cendres
903 866 1011 905 pour
1031 854 1073 893 la
1092 854 1312 893 remission
1333 854 1384 893 de
1405 854 1517 893 leurs
1537 854 1704 906 pecheS,
1721 865 1858 894 accor-

285 919 374 966 der,
396 931 473 970 par
491 917 762 957 l'invoeation
784 918 834 957 de
862 922 977 959 votre
998 919 1110 958 saint
1139 921 1258 968 Nom,
1283 919 1492 959 d’obtenir
1523 919 1565 959 la
1597 921 1715 959 sante
1750 930 1858 971 pour

285 984 378 1023 leur
396 995 518 1035 corps
533 986 575 1022 et
594 995 700 1034 pour
719 983 810 1023 leur
830 985 923 1023 ame
942 997 999 1023 un
1021 985 1150 1036 appui
1171 985 1384 1024 tutelaire.

338 1048 372 1089 Il
390 1053 451 1088 est
469 1048 628 1088 certain
661 1061 742 1101 que
775 1049 832 1088 les
864 1050 1037 1089 eendres
1070 1053 1146 1089 ont
1177 1050 1368 1101 toujours
1397 1051 1462 1089 ete
1494 1062 1553 1089 un
1586 1048 1773 1101 symbole
1804 1049 1858 1091 de

282 1114 515 1166 penitenee,
539 1113 589 1153 de
610 1113 791 1153 tristesse
811 1117 852 1154 et
871 1114 1123 1163 d’humilite,
1144 1115 1481 1154 non-seulement
1511 1114 1610 1154 chez
1642 1114 1703 1154 les
1723 1114 1856 1155 Chre-

282 1179 406 1228 tiens,
423 1179 528 1218 mais
547 1191 698 1219 encore
717 1179 919 1218 autrefois
950 1179 1048 1218 chez
1084 1179 1143 1218 les
1179 1180 1404 1231 Prophetes
1436 1182 1478 1219 et
1510 1179 1611 1218 chez
1644 1179 1703 1218 les
1723 1179 1744 1219 J
1751 1179 1850 1219 uiis.

281 1244 402 1284 Aussi
421 1244 458 1284 le
477 1244 681 1297 prophete
700 1245 882 1285 Jeremie
901 1244 1126 1284 s'ecrie-t-il
1148 1244 1220 1298 (vl,
1243 1244 1309 1297 26)
1335 1256 1344 1283 :
1370 1260 1389 1281 «
1411 1244 1516 1284 Fille
1544 1245 1594 1283 de
1626 1255 1727 1283 mon
1749 1256 1855 1296 peu·

281 1310 365 1363 ple,
387 1311 671 1350 revetez-vous
692 1310 743 1349 de
763 1309 893 1358 cilice,
910 1310 1217 1349 couchez-vous
1238 1323 1308 1349 sur
1327 1310 1368 1349 13
1388 1309 1554 1358 cendi-e,
1569 1308 1737 1362 pleurez
1753 1320 1857 1350 avec

281 1378 532 1424 amertume,
554 1387 716 1415 comme
735 1387 818 1414 une
834 1376 947 1414 mere
968 1375 1040 1427 qui
1062 1375 1207 1427 pleure
1239 1387 1311 1414 son
1345 1375 1410 1414 fils
1442 1374 1615 1426 unique.
1641 1390 1659 1410 ³>
1682 1375 1855 1415 Comme

281 1440 346 1480 s’il
365 1441 488 1480 disait
511 1452 520 1479 z
544 1442 575 1481 Ο
597 1440 748 1492 peuple
769 1452 851 1492 que
866 1440 910 1491 je
943 1440 1078 1480 cheris
1110 1452 1272 1480 comme
1305 1452 1374 1479 ma
1403 1439 1504 1487 fille,
1528 1440 1566 1479 le
1586 1442 1723 1491 temps
1742 1439 1793 1480 de
1811 1439 1855 1480 13

280 1506 498 1558 penitence
518 1509 559 1546 et
580 1506 630 1545 de
649 1505 964 1554 l’humiliation‚
987 1505 1025 1545 le
1046 1508 1180 1557 temps
1201 1505 1272 1545 des
1292 1505 1444 1545 larmes
1458 1504 1566 1544 etde
1585 1504 1626 1544 la
1645 1504 1850 1555 tristasse,

280 1574 343 1610 est
362 1571 514 1610 arrive.
537 1570 631 1619 Job,
655 1570 754 1609 dans
785 1571 825 1610 13
857 1582 1063 1622 personne
1096 1570 1168 1610 des
1197 1570 1422 1622 penitents‚
1444 1569 1668 1622 s'exprime
1704 1570 1814 1610 ainsi
1836 1583 1848 1611 ε

285 1651 305 1672 α
324 1634 405 1677 J’ai
424 1636 578 1675 etendu
598 1649 655 1675 un
675 1648 743 1675 sac
764 1648 834 1675 sur
855 1647 923 1675 ma
942 1647 1064 1687 peau,
1087 1639 1129 1675 et
1144 1636 1221 1687 J'ai
1253 1641 1423 1675 convert
1455 1647 1523 1674 ma
1555 1635 1638 1675 tete
1671 1635 1721 1675 de
1752 1648 1852 1676 cen-

281 1700 369 1741 dre.
394 1717 413 1737 »
435 1703 491 1741 Le
512 1713 579 1740 sac
599 1713 651 1740 ou
674 1701 810 1753 plutOt
830 1700 868 1739 le
889 1700 1003 1739 cilice
1024 1703 1067 1740 et
1087 1700 1331 1742 l’asnersion
1351 1701 1402 1739 de
1424 1700 1464 1739 13
1485 1699 1637 1740 eendre
1669 1703 1764 1740 sont
1792 1701 1852 1742 les

284 1778 420 1806 armes
439 1767 511 1807 des
528 1766 737 1818 penitents
756 1770 798 1806 et
818 1766 876 1805 les
898 1766 1086 1816 insignes
1106 1766 1156 1805 de
1175 1778 1280 1805 ceux
1301 1765 1372 1818 qui
1407 1764 1618 1817 pleurent.
1639 1757 1852 1808 Ecoutons

286 1831 339 1871 ici
359 1832 468 1871 saint
495 1831 695 1883 Gregoire
719 1844 727 1870 :
755 1848 773 1867 «
796 1832 884 1878 Que
916 1831 1194 1870 devons-nous
1222 1830 1426 1869 entendre
1458 1842 1535 1882 par
1566 1829 1605 1870 le
1637 1842 1706 1870 sac
1735 1834 1778 1871 et
1808 1830 1852 1872 13

285 1896 450 1944 cendre‚
474 1896 508 1935 si
526 1907 571 1935 ce
593 1895 699 1935 n'est
717 1895 759 1934 13
779 1895 1023 1948 penitence‘?
1045 1896 1134 1943 Que
1154 1895 1374 1946 signifient
1393 1894 1433 1934 13
1452 1906 1561 1947 peau
1575 1898 1617 1934 et
1638 1895 1678 1935 13
1698 1895 1796 1946 tete,
1813 1896 1852 1938 si

284 1973 330 2002 ce
350 1962 457 2002 n'est
474 1961 513 2001 le
534 1961 665 2013 peche
684 1961 734 2001 de
754 1960 795 2000 13
813 1960 954 2000 cheir?
974 1960 1268 2013 Lorsqu'apres
1300 1959 1340 2000 le
1371 1960 1501 2013 peche
1530 1959 1582 2001 de
1614 1959 1656 2000 13
1674 1960 1791 2002 cheir
1809 1961 1853 2018 le

331 2141 582 2187 Omnipotens
637 2139 864 2186 sempiterne
930 2140 1045 2183 Deus,
1086 2148 1169 2181 nos,
1206 2138 1270 2174 sed
1307 2138 1407 2184 apud
1449 2137 1652 2184 Prophetas
1687 2138 1779 2175 olim
1811 2143 1849 2177 et

284 2199 395 2235 parce
416 2187 701 2234 mentientibus,
722 2187 925 2233 propitiare
954 2197 1044 2232 sup·
1083 2186 1244 2222 judaeos.
1270 2185 1374 2222 Unde
1405 2185 1496 2221 illud
1521 2196 1552 2221 :u
1579 2185 1670 2221 Filia
1699 2186 1847 2233 populi,

282 2235 528 2283 plicantibus,
574 2240 609 2271 et
672 2234 817 2270 mittere
878 2235 1045 2278 digneris

281 2288 453 2321 sanctum
488 2282 668 2326 Angelum
710 2286 812 2317 tuum
845 2282 890 2317 de
923 2282 1042 2325 emtis,

282 2331 346 2378 qui
368 2330 559 2367 benedicat
584 2335 620 2366 ot
644 2329 853 2365 sanctifici-t
886 2329 952 2365 hos
987 2330 1043 2365 ci-

283 2390 405 2423 neres,
446 2383 485 2414 ut
524 2378 599 2413 sint
637 2377 843 2413 remedium
895 2377 1043 2412 salubre

278 2426 457 2464 omnibus
479 2436 618 2462 nomen
646 2429 818 2460 sanetum
853 2429 957 2460 tuum
981 2424 1041 2460 in-

278 2473 500 2512 vocantibus
516 2484 559 2510 ae
579 2473 800 2519 semetipsos
833 2483 898 2518 pro
926 2483 1039 2508 eons-

277 2523 416 2559 cientia
437 2521 658 2558 delictorum
681 2530 834 2556 suorum
855 2529 1040 2555 accusau-

278 2570 393 2614 tibus,
415 2574 451 2606 ct
482 2569 656 2616 pietatem
690 2572 790 2603 tuam
822 2567 1040 2613 suppliciter

279 2616 561 2662 nagiuintibus3
583 2621 618 2652 et
639 2620 773 2662 praesta
795 2626 859 2660 per
886 2614 1037 2650 invoca-

278 2667 421 2703 tionem
455 2662 684 2701 sanctissimi
720 2661 887 2698 nominis
909 2663 977 2703 tui,
1002 2668 1035 2697 ut

277 2714 506 2760 quicumque
525 2722 588 2748 eos
607 2721 718 2758 super
738 2720 776 2745 se
793 2710 1037 2756 asperserint,

277 2772 344 2809 pro
383 2759 640 2807 redemptione
674 2761 915 2812 peccatorum
950 2766 1038 2793 suo·

277 2819 376 2852 rum,
403 2807 570 2854 corporis
602 2811 799 2842 sanitatem
829 2809 863 2841 et
900 2805 1038 2841 nnixnw

276 2857 430 2894 tutelam
452 2855 672 2903 percipiant.

324 2906 430 2941 (terte
449 2902 601 2939 Cineres
633 2911 780 2947 semper
813 2901 914 2937 tuere
933 2909 1036 2944 sym·

277 2951 405 2989 bolum
439 2949 687 2998 pmnitentioe.
708 2947 878 2985 moeroris
907 2950 942 2983 et
964 2946 1037 2983 hu-

276 2998 461 3045 mititatis,
483 3008 559 3036 non
580 2997 702 3035 solum
723 2995 821 3043 apud
854 2994 1034 3033 Christia-

1083 2234 1280 2280 accingerc
1312 2232 1451 2276 cilicio,
1474 2242 1723 2279 conspergere
1754 2234 1848 2280 pul-

1085 2292 1181 2324 vcre,
1220 2281 1362 2317 luctum
1420 2279 1605 2325 unigeniti
1656 2280 1714 2316 sac
1761 2281 1849 2328 tibi,

1083 2329 1274 2375 planetum
1296 2338 1479 2364 amarum.
1500 2343 1513 2360 ι»
1534 2328 1644 2371 Quasi
1665 2328 1790 2365 dicat:
1813 2329 1845 2366 0

1082 2377 1218 2422 popule
1248 2377 1312 2422 mi,
1346 2375 1481 2412 dilecte
1505 2374 1622 2411 instar
1643 2375 1746 2421 titiae,
1763 2376 1847 2423 ,iam

1083 2429 1228 2470 tempus
1248 2428 1303 2459 est
1331 2423 1563 2469 poenitentiae
1594 2427 1629 2458 et
1663 2423 1846 2461 humilia-

1082 2471 1208 2513 tionis,
1231 2471 1351 2508 tuctus
1387 2474 1422 2507 et
1451 2470 1635 2507 moeroris.
1660 2471 1751 2507 item
1772 2470 1845 2509 ,lob

1081 2519 1118 2555 in
1161 2529 1318 2565 persona
1356 2517 1620 2565 pinniteutium
1659 2518 1713 2556 sic
1750 2519 1802 2555 ait.
1831 2528 1843 2558 t

1085 2580 1097 2597 «
1137 2567 1294 2603 Saecum
1351 2565 1482 2602 consui
1538 2575 1649 2611 supi-r
1716 2570 1846 2604 eutem

1082 2625 1218 2658 ineam,
1257 2618 1292 2650 et
1330 2613 1459 2659 operui
1513 2612 1639 2649 cinere
1686 2623 1844 2653 earnem

1080 2672 1215 2697 meam.
1238 2662 1375 2697 Saccus·
1402 2658 1545 2697 scilieet
1565 2660 1642 2697 sive
1656 2661 1854 2709 cilicium„

1078 2713 1113 2744 et
1134 2709 1273 2745 cineris
1292 2709 1473 2754 aspersio,
1489 2718 1593 2744 arma
1614 2713 1701 2745 sunt
1721 2706 1858 2756 pomi-2¹

1079 2756 1253 2798 tentiam,
1276 2757 1458 2803 signaque
1491 2755 1714 2799 lugentium.
1744 2753 1843 2796 Audi

1078 2803 1127 2839 ibi
1162 2807 1332 2840 sanetum
1366 2803 1585 2847 Gregorium
1608 2814 1616 2839 :
1645 2816 1658 2835 α
1682 2803 1777 2848 Quid
1797 2802 1858 2849 iu„

1077 2861 1185 2904 sacco
1205 2855 1241 2886 ot
1261 2851 1387 2887 cinere
1408 2851 1479 2887 uisi
1500 2848 1858 2905 poenitentia‚quid¹'

1078 2908 1116 2935 in
1137 2903 1220 2934 cute
1241 2902 1277 2934 ct
1297 2908 1409 2934 carne
1435 2898 1510 2935 nist
1536 2902 1732 2945 peccatum
1750 2907 1858 2936 oar--

1076 2945 1132 2982 nis
1146 2944 1256 2982 debet
1277 2945 1435 2991 intelligi
1448 2947 1462 2982 Ρ
1475 2947 1569 2983 Cum
1582 2956 1669 2994 ergo
1683 2944 1838 2994 quidam

1075 2998 1158 3040 post
1178 2993 1324 3040 lapsum
1345 2994 1472 3031 carnis
1501 2994 1548 3032 ad
1573 2991 1836 3042 poenitentiam
