1858 3146
1628 161 1704 202 351

138 253 230 295 voir
247 254 289 294 13
306 264 496 294 semence
516 252 567 292 de
586 252 629 292 13
651 251 795 304 parole
825 250 877 290 de
908 249 1013 290 Dieu
1044 251 1087 289 et
1118 249 1160 288 13
1196 249 1374 289 lumiere
1413 250 1465 290 de
1503 250 1544 290 13
1582 250 1707 303 grece

138 319 303 368 celeste,
334 316 672 358 non-seulement
691 327 745 355 en
782 316 982 354 ecoutant
1018 313 1261 362 volontiers‚
1284 314 1390 352 mais
1416 326 1468 354 en
1500 315 1708 360 meditent

136 385 497 436 soigneusement‚
518 384 561 422 et
598 393 652 420 en
686 379 973 432 s’appliquant
1009 378 1069 418 les
1108 377 1449 428 enseignements
1491 384 1705 432 proposes.

141 452 238 490 «Le
258 461 373 489 coeur
390 447 597 487 excellent
617 459 636 483 »
660 449 722 486 est
741 444 849 485 celui
874 444 948 496 qui
980 443 1194 495 33031313
1224 442 1368 495 parole
1401 456 1499 483 avec
1530 445 1568 484 le
1603 447 1708 498 gout

137 515 189 555 de
208 515 249 554 13
268 513 464 554 devotion
485 515 526 551 et
544 511 586 552 13
605 509 852 563 (115Ρο5111011
872 510 924 548 (13
944 509 984 548 13
1003 508 1162 548 charite
1183 507 1341 556 divine,
1363 511 1404 547 31
1425 508 1498 560 qui
1519 509 1709 551 l'accom-

135 579 215 632 plit
235 578 397 618 ensuite
416 589 517 617 avec
536 576 884 628 empressement.

193 659 213 681 «
234 645 288 684 Le
309 654 423 682 coeur
440 642 523 681 bon
544 657 564 677 »
589 644 652 680 est
670 639 777 680 celui
799 638 871 691 qui
891 642 953 678 est
973 638 1138 690 dispose
1158 640 1182 677 a
1212 637 1254 676 13
1283 639 1576 690 componction
1599 652 1707 692 pour

135 720 337 750 renoncer
357 709 382 747 3
401 719 463 746 535
483 706 634 758 peches
655 706 809 754 pasees.
836 718 855 741 (ι
877 705 933 743 Le
953 715 1069 742 cceur
1094 702 1299 743 excellent
1330 718 1349 738 ›>
1383 708 1444 742 est
1475 703 1583 744 celui
1615 704 1703 758 qui,

135 777 265 826 ayant
284 772 455 812 delaisse
476 771 534 810 les
552 770 719 822 peches,
742 771 888 809 ecoute
908 768 950 808 13
969 768 1113 821 parole
1133 768 1184 807 (13
1205 768 1324 815 Dieu,
1348 780 1399 807 en
1423 769 1609 821 aspirant
1634 770 1707 810 des

135 839 278 879 choses
296 840 389 889 plus
408 835 624 888 parfaites.

190 918 209 940 «
230 905 286 942 Le
305 914 418 941 coeur
436 901 520 940 bon
543 915 563 936 »
586 902 648 940 est
669 899 778 939 celui
811 899 883 951 qui
917 898 1088 951 produit
1120 898 1158 938 le
1191 899 1295 938 fruit
1325 911 1380 938 au
1413 902 1550 939 trente
1583 899 1635 940 de
1666 899 1708 940 13

131 968 291 1008 crainte
311 966 486 1014 initiale,
510 977 564 1005 311
586 965 775 1004 soixante
795 964 852 1004 de‘
873 965 914 1003 13
951 964 1176 1003 301111111011
1213 964 1398 1003 31113333.
1441 980 1459 999 α
1500 966 1556 1004 Le
1592 977 1708 1005 coeur

0 1071 1 1074 ,
132 1031 380 1074 excellent»
404 1034 467 1071 est
486 1030 594 1070 celui
616 1030 688 1082 qui
708 1029 879 1082 produit
907 1029 946 1069 13
985 1029 1089 1068 fruit
1126 1042 1179 1068 au
1221 1029 1415 1082 centuple
1447 1030 1498 1070 de
1529 1030 1708 1071 l’amour

4 1094 12 1111 ⁰
131 1098 300 1151 pai-fait.
323 1097 441 1145 Mais,
464 1107 509 1135 ce
535 1095 654 1143 fruit,
677 1094 707 1134 il
738 1095 778 1134 le
811 1094 984 1146 produit
1021 1108 1040 1131 «
1072 1106 1173 1133 avec
1211 1094 1253 1133 13
1290 1095 1496 1146 patience,
1521 1110 1541 1130 »
1583 1107 1707 1148 parce

132 1163 235 1216 qu’il
255 1166 318 1202 est
336 1160 509 1201 conduit
529 1162 553 1200 a
572 1160 614 1199 13
634 1159 834 1198 maturite
857 1162 880 1199 3
907 1163 1070 1200 travers
1093 1159 1130 1198 le
1163 1159 1272 1198 froid
1306 1163 1348 1198 31
1386 1160 1445 1198 135
1481 1161 1703 1212 tempetes,

130 1227 171 1268 13
190 1227 361 1267 chaleur
379 1230 421 1266 et
440 1226 499 1266 les
521 1225 829 1273 etouffements,
854 1224 914 1264 les
934 1224 1160 1264 adversitcs
1179 1228 1222 1263 et
1255 1225 1313 1264 les
1351 1224 1623 1266 tribulatione
1651 1226 1704 1266 de

131 1296 224 1332 tout
245 1303 390 1344 genre.
413 1291 520 1331 C'est
539 1302 621 1342 que
651 1290 692 1329 13
724 1301 915 1329 semence
946 1302 972 1328 a
1003 1290 1085 1328 fixe
1124 1290 1229 1328 daus
1254 1302 1312 1328 un
1334 1304 1351 1325 <1
1390 1301 1505 1328 coeni·
1541 1290 1623 1330 hon
1663 1293 1705 1331 et

131 1357 339 1398 excellent
374 1372 394 1392 »
434 1368 517 1396 une
561 1355 702 1395 racine
752 1355 885 1394 ferme
931 1357 972 1394 et
1019 1354 1305 1394 inebranlable
1343 1366 1397 1394 au
1437 1354 1582 1395 milieu
1632 1354 1705 1396 des

130 1422 373 1462 adversites.

183 1490 225 1528 3Β
247 1489 386 1527 Pom'r.
416 1507 469 1515 -—
489 1484 723 1525 Concluons
756 1483 1041 1536 l'explicatiou
1076 1484 1127 1523 de
1159 1486 1266 1523 cette
1298 1483 1496 1536 parabole
1527 1496 1604 1537 par
1642 1484 1703 1525 les

128 1553 285 1592 memes
306 1550 470 1604 paroles
491 1562 571 1601 que
590 1549 871 1590 lesus-Christ
890 1549 1087 1600 employa
1112 1560 1163 1587 en
1194 1560 1246 1588 en
1281 1548 1473 1589 finissent
1502 1549 1705 1602 l’expose.

126 1618 260 1669 Apres
286 1616 402 1655 avoir
434 1616 610 1667 propos-e
648 1616 755 1654 cette
785 1613 983 1664 parabole
1022 1625 1106 1652 aux
1143 1613 1292 1661 fomes,
1314 1614 1344 1652 il
1377 1614 1500 1654 criait
1523 1627 1532 1654 :
1559 1631 1578 1651 «
1613 1616 1702 1663 033

127 1682 234 1722 33131
255 1681 327 1733 qui
347 1693 372 1720 3
391 1680 461 1719 (135
485 1680 651 1719 oreilles
669 1691 777 1731 pour
797 1678 996 1718 entendre
1016 1679 1210 1718 entende.
1234 1694 1254 1714 »
1278 1680 1334 1718 Ce
1354 1680 1411 1718 cri
1446 1679 1550 1719 n'est
1580 1682 1703 1733 point

126 1757 223 1787 5335
243 1747 439 1797 mystere,
464 1757 535 1784 331·
555 1744 584 1784 11
606 1747 669 1784 351
687 1743 858 1796 produit
876 1755 952 1796 par
972 1743 1012 1783 13
1032 1743 1191 1783 charite
1212 1748 1252 1783 et
1272 1756 1348 1796 par
1366 1744 1559 1785 l’amour.
1583 1745 1703 1788 Celui

127 1811 200 1864 qui
220 1810 331 1851 avait
347 1810 458 1860 jndis
477 1813 640 1862 envoye
677 1822 741 1848 535
779 1808 1008 1860 Prophetes
1046 1820 1154 1860 pour
1185 1809 1304 1858 crier,
1328 1809 1505 1849 descend
1529 1811 1702 1863 jusqu'n

125 1888 233 1916 nous
252 1879 294 1916 et
312 1876 343 1915 il
361 1878 460 1915 veut
477 1875 583 1915 crier
602 1874 839 1914 lui-meme.
862 1874 895 1913 ll
915 1874 1027 1913 avait
1047 1876 1208 1926 envoye
1229 1875 1411 1914 Jeremie
1431 1878 1472 1914 et
1504 1876 1564 1915 lui
1584 1876 1700 1917 avait

124 1940 186 1981 dit
207 1954 217 1981 ε
244 1956 263 1978 (ι
285 1941 401 1980 Criez
421 1953 507 1980 aux
527 1939 691 1980 oreilles
712 1939 762 1979 de
780 1939 1029 1988 Jerusalem,
1053 1938 1174 1978 faites
1195 1939 1398 1979 entendre
1428 1951 1496 1979 335
1531 1940 1698 1992 paroles

573 169 787 203 0111511333
814 170 867 201 ou
895 170 946 200 m
974 162 1250 200 sexsoesme.

928 2070 1015 2116 quia
1034 2080 1100 2116 pei
1121 2070 1238 2114 1111115
1271 2074 1305 2105 31
1341 2074 1594 2124 tempestates
1628 2081 1697 2117 per

927 2122 1058 2154 aestum
1081 2122 1117 2153 31
1136 2098 1294 2161 33·10135,
1305 2128 1371 2163 pei
1386 2118 1505 2154 virias
1522 2118 1694 2155 adversi-

928 2169 1019 2201 tates
1040 2170 1074 2200 ct
1097 2165 1207 2201 11111111
1213 2166 1372 2205 11101135
1400 2165 1543 2202 fructus
1563 2166 1627 2202 ille
1646 2166 1695 2203 ad

927 2214 1180 2249 maturitatem
1219 2213 1450 2258 perducitur,
1505 2224 1549 2249 co
1592 2213 1694 2260 quod

926 2262 1012 2307 quin
1033 2271 1163 2296 semen
1183 2261 1348 2296 radicem
1382 2260 1528 2296 firmam
1561 2265 1595 2296 31
1626 2261 1692 2298 in-

925 2318 1149 2345 concussam
1176 2309 1343 2344 advorsis
1369 2309 1408 2344 in
1442 2309 1553 2344 corde
1592 2307 1692 2346 bono

925 2356 981 2391 vel
1004 2356 1146 2402 optimo
1169 2356 1305 2391 tixerit.

972 2404 1251 2440 Concludamus
1272 2402 1459 2449 parabola:
1482 2402 1593 2449 hujus
1618 2413 1690 2439 ex-

124 2074 194 2115 est,
215 2075 250 2107 31
268 2076 439 2117 apertum
459 2071 507 2107 ad
527 2070 795 2116 excipiendum
827 2080 888 2106 53-

0 2138 4 2143 ·
123 2129 214 2157 men
252 2118 363 2155 Verbi
403 2118 480 2160 Dei,
522 2123 557 2154 ct
595 2118 720 2154 lucem
758 2118 889 2161 gratiae

0 2179 12 2213 1,
124 2165 302 2210 eoelestis,
340 2176 418 2202 non
457 2165 579 2202 solum
613 2165 787 2202 lubenter
818 2175 888 2202 au-

0 2222 13 2250 1
123 2214 246 2256 diens,
268 2214 332 2250 sed
364 2217 400 2250 et
431 2214 561 2250 scdulo
594 2214 819 2259 recogitem,
853 2218 888 2250 31

8 2264 12 2274 “
124 2260 199 2300 sibi
242 2261 438 2307 applicans
482 2271 566 2307 quae
608 2264 884 2307 proponuntur.

0 2314 14 2358 1
127 2322 142 2349 (ς
174 2309 243 2345 Cor
281 2309 466 2355 optimum
504 2323 517 2339 »
554 2313 623 2354 351,
663 2309 762 2354 quod
799 2318 886 2345 cum

123 2355 355 2403 pinguedine
391 2356 615 2399 devotionis,
669 2360 704 2392 31
749 2356 887 2392 divinae

123 2403 314 2440 charitatis
333 2404 579 2450 dispositione
592 2404 696 2439 audit
717 2403 885 2449 verbum,

123 2455 159 2488 31
179 2461 267 2487 mox
286 2452 468 2497 adimplet
482 2451 694 2488 illud.«Cor
710 2450 850 2488 bonum
868 2466 881 2483 υ

122 2502 192 2544 351,
231 2499 331 2545 quod
366 2500 410 2534 ad
457 2498 790 2545 compunctionem
830 2503 886 2536 351

122 2545 362 2592 dispositum,
384 2551 424 2582 ut
443 2547 551 2583 desei
553 2551 589 2582 31
608 2551 762 2594 peccata
782 2547 884 2593 prio-

122 2603 176 2630 ra.
198 2607 211 2625 ιι
229 2595 297 2630 Cor
317 2595 505 2640 optimum
524 2598 614 2640 nest,
636 2594 735 2640 quod
756 2604 884 2640 pe-cca

122 2639 171 2676 tis
202 2640 282 2687 jam
320 2642 460 2679 relictis
491 2642 595 2678 audit
627 2641 782 2678 verbum
804 2642 883 2686 Dei,

121 2686 318 2735 adspirans
349 2690 395 2726 ad
430 2689 665 2735 perfectiora.
691 2705 705 2722 (ι
724 2690 793 2726 Cor
814 2689 883 2726 110-

124 2742 217 2771 mnu
250 2750 264 2769 1
301 2740 369 2780 351,
404 2738 503 2782 quod
542 2737 683 2783 protert
719 2737 884 2774 fructum

125 2766 369 2826 trigesimum
375 2783 534 2821 initialis
553 2784 712 2828 timoriS‚
727 2790 762 2821 et
782 2795 885 2822 sexu-

125 2827 311 2881 gesimam
329 2830 493 2868 efficacis
506 2832 762 2869 contritionis.
783 2847 797 2864 «
814 2833 886 2869 Coi

125 2874 312 2920 optimum
329 2891 343 2910 ιο
361 2883 417 2915 351
422 2880 542 2926 ‚quod
558 2879 699 2934 profert
720 2880 883 2916 fructum

124 2923 376 2962 centesimum·
382 2908 537 2972 pe’rt'ecti
546 2928 698 2964 3310115.
706 2928 882 2964 Fructum

123 2972 250 3009 autem
271 2968 392 3011 illum
421 2974 561 3021 profert
590 2975 632 3013 in
661 2975 844 3023 patientia
872 2986 881 3013 :

925 2451 1185 2497 plicatiouem,
1218 2451 1353 2487 iisdem
1393 2450 1514 2486 verbis
1552 2450 1691 2496 quibus

925 2499 1093 2535 Christus
1113 2498 1299 2535 conclusit
1320 2498 1488 2543 ejusdem
1515 2497 1693 2544 proposi-

925 2547 1081 2583 tionem.
1104 2547 1195 2582 Cum
1218 2546 1319 2582 enim
1344 2546 1363 2580 li
1368 2555 1439 2581 mc
1473 2544 1690 2591 parabolam

925 2594 1043 2630 1311115
1063 2594 1332 2640 proposuisset
1357 2602 1388 2629 31
1394 2592 1570 2629 11331131
1580 2607 1594 2625 ιι
1616 2593 1690 2637 Qui

926 2642 1036 2678 1131131
1055 2652 1165 2678 33135
1184 2640 1538 2683 1331311111,33(1131.
1572 2655 1586 2672 υ
1618 2639 1691 2678 Ubi

925 2700 1003 2725 non
1023 2690 1106 2725 sinc
1125 2689 1303 2733 mysteiio
1330 2693 1383 2723 est
1416 2687 1497 2733 ejus
1528 2687 1685 2728 clamor.

924 2736 1229 2783 quandoquidem
1250 2746 1336 2771 cuni
1357 2735 1540 2781 producat
1558 2735 1687 2772 chari-

925 2790 978 2820 135
1008 2789 1044 2820 31
1070 2795 1189 2820 amor.
1224 2783 1292 2819 Ille
1325 2783 1388 2828 qui
1404 2783 1556 2819 miserat
1592 2783 1688 2822 olim

924 2832 1127 2877 Prophetas
1162 2831 1210 2867 ad
1248 2830 1507 2875 clamandum,
1532 2831 1612 2876 ,iam
1649 2835 1688 2869 et

922 2879 1002 2925 ipse
1035 2879 1082 2914 ad
1113 2888 1183 2914 nos
1215 2878 1450 2914 descendens
1487 2878 1566 2914 vult
1601 2877 1685 2915 313-

923 2936 1037 2962 mare.
1061 2926 1211 2962 Miserat
1240 2925 1456 2972 jeremiam,
1478 2929 1514 2962 et
1540 2925 1688 2963 dixerat

921 2975 984 3012 ei:
1011 2986 1026 3006 α
1049 2974 1177 3011 Clama
1207 2973 1251 3011 in
1289 2972 1445 3011 nuribus
1475 2973 1689 3013 Jerusalem
