1858 3146
195 157 274 195 412

193 242 235 284 le
254 242 459 296 prochain
479 255 505 282 a
523 243 742 284 commises
762 249 906 285 contre
926 256 1043 295 vouS‚
1066 243 1351 285 attribuez-les
1371 246 1395 284 a
1414 255 1459 284 sa
1478 243 1665 297 fragilite
1684 248 1727 286 et
1741 247 1767 287 a

194 319 271 348 son
290 308 536 358 ignorance.
557 308 661 361 Deja
680 314 958 361 auparavant‚
981 309 1010 348 il
1030 309 1142 349 avait
1162 309 1224 350 dit
1246 321 1255 348 :
1282 325 1302 347 «
1324 309 1540 350 L'homme
1561 309 1636 362 qui
1662 308 1768 351 n’est

195 384 279 425 que
299 372 416 412 chair
437 373 566 424 garde
598 386 643 413 sa
663 374 798 414 colere
818 379 860 415 et
880 375 910 414 il
930 374 1136 414 demande
1167 374 1438 415 misericorde
1469 376 1494 414 a
1515 373 1639 414 Dieu,
1670 389 1689 411 »
1711 375 1767 415 Ge

195 437 271 490 qui
289 441 388 477 veut
407 437 496 479 dire
517 451 526 477 :
551 439 810 479 Convient-il
830 440 960 492 qu'un
981 440 1150 478 homme
1169 439 1241 488 vil,
1264 439 1434 491 fragile,
1457 439 1610 479 mortel
1629 442 1671 480 et
1697 451 1768 479 sur

194 501 234 542 le
254 502 376 555 point
395 502 446 542 de
465 503 630 543 tomber
649 504 811 544 bientot
830 505 935 544 dans
956 504 996 543 la
1014 505 1227 556 poussiere
1248 510 1288 544 et
1307 504 1349 544 la
1363 505 1620 557 corruption,
1640 504 1769 556 garde

194 578 241 607 sa
261 567 396 608 colere
417 571 458 608 et
478 568 665 621 s’expose
687 571 711 609 a
730 570 832 609 celle
853 570 903 609 de
923 570 1056 609 Dieu?
1076 570 1274 609 L’auteur
1306 570 1361 609 du
1395 569 1499 609 livre
1528 570 1579 609 de
1599 569 1768 610 l'Eccle-

195 632 396 686 siastique
418 646 470 673 ne
485 646 526 674 se
548 638 634 674 sert
652 634 702 674 de
723 637 816 674 tant
836 635 886 674 de
907 638 1120 675 sentences
1139 647 1247 686 pour
1266 647 1372 674 nous
1391 634 1584 686 rappeler
1604 635 1642 674 le
1669 646 1766 674 sou-

192 698 315 737 venir
335 699 384 738 de
404 699 445 738 la
465 702 575 738 mort
596 711 676 751 que
696 711 821 751 parce
841 700 943 751 qu'il
962 702 1061 740 veut
1080 700 1308 740 detourner
1340 700 1400 739 les
1431 699 1622 739 hommes
1654 699 1705 739 de
1726 699 1768 739 la

193 761 331 803 colere
350 767 392 803 et:
411 764 461 802 de
481 763 715 814 l’inimitie;
738 776 821 804 eux
841 765 914 816 qui
934 769 1006 804 ont
1025 765 1217 818 toujours
1235 765 1396 813 besoin‚
1415 764 1768 817 principalement

194 828 220 867 ὲ,
240 827 400 868 l’heure
421 828 472 867 de
492 829 532 867 la
552 831 677 877 mort,
702 829 753 868 de
772 829 813 868 la
834 830 1102 870 misericorde
1122 834 1164 870 et
1184 830 1234 870 de
1254 831 1295 870 la
1314 830 1442 869 honte
1463 829 1513 868 de
1532 829 1653 878 Dieu,
1675 828 1766 868 doi-

191 897 295 932 vent
314 905 357 932 se
376 893 497 932 hater
510 893 560 932 de
580 893 795 946 pratiquer
816 906 882 933 ces
901 898 1041 935 verius
1062 897 1087 934 ἐι
1107 895 1267 947 l’egard
1287 895 1337 935 de
1358 896 1449 934 leur
1467 894 1687 947 prochain,
1710 893 1763 934 de

194 968 301 1010 peur
321 958 451 997 d’etre
471 957 674 997 devances
694 971 771 1010 par
790 959 828 998 le
844 960 943 1011 jour
962 960 1012 999 de
1034 961 1075 999 la
1094 964 1220 1000 mori.

250 1012 313 1061 En
341 1022 555 1062 troisieme
587 1023 747 1075 lieu,·le
779 1025 916 1064 meme
949 1029 1100 1064 auteur
1131 1027 1263 1075 sacre,
1292 1025 1466 1065 voulant
1483 1024 1678 1065 reveiller
1709 1024 1768 1064 les

194 1098 339 1127 avares
370 1099 478 1139 pour
511 1087 634 1140 qu'ils
666 1101 708 1128 se
741 1092 909 1128 servent
942 1090 993 1129 de
1023 1090 1136 1129 leur-s
1155 1090 1276 1129 biens
1309 1092 1352 1129 et
1371 1090 1430 1130 les
1462 1089 1694 1142 rependent
1713 1102 1767 1130 en

193 1151 356 1192 bonnes
376 1164 555 1202 oeuvreS,
578 1154 670 1193 leur
689 1154 855 1193 adresse
875 1166 939 1193 ees
971 1155 1136 1207 paroles
1158 1167 1167 1194 :
1193 1170 1211 1191 «
1236 1155 1333 1195 Mon
1362 1155 1442 1205 fils,
1469 1155 1503 1194 si
1533 1167 1637 1194 vous
1668 1166 1768 1195 avez

196 1218 378 1270 quelque
398 1218 535 1267 chose,
554 1219 869 1260 faites-vous-en
890 1220 946 1259 du
965 1220 1063 1259 bien
1084 1222 1109 1259 a
1127 1221 1454 1269 vous-meme,et
1471 1219 1599 1259 offrez
1619 1221 1645 1259 a
1664 1218 1769 1259 Dieu

194 1282 246 1323 de
266 1283 416 1335 dignes
436 1284 663 1324 offrandes.
688 1299 707 1323 »
732 1287 795 1324 En
822 1285 931 1325 voiei
964 1285 1004 1324 la
1035 1285 1176 1325 raison
1200 1298 1209 1325 :
1237 1301 1256 1322 «
1279 1286 1612 1326 Souvenez-vous
1643 1284 1695 1324 de
1726 1283 1770 1324 la

194 1352 308 1389 mort
329 1349 402 1400 qui
422 1361 476 1388 ne
496 1350 614 1390 tarde
635 1351 755 1402 point
775 1354 818 1390 et
837 1351 887 1390 de
907 1354 972 1390 cet
1003 1352 1116 1390 arret
1149 1351 1221 1403 qui
1252 1363 1356 1390 vous
1386 1362 1411 1390 a
1441 1351 1508 1390 ete
1535 1350 1766 1402 prononce‚

193 1425 276 1466 que
294 1425 398 1454 vous
418 1414 544 1454 devez
564 1416 669 1455 aller
689 1428 743 1455 au
763 1416 978 1455 tomheau.
1002 1418 1095 1463 Car,
1117 1420 1181 1456 eet
1218 1417 1330 1456 arret
1360 1428 1444 1468 que
1474 1419 1568 1456 tout
1597 1415 1769 1455 homme

195 1477 285 1518 doit
306 1479 466 1518 mourir
486 1484 548 1519 est
566 1492 673 1532 pour
705 1484 798 1521 tout
827 1481 866 1521 le
900 1482 1070 1521 monde.
1104 1497 1123 1517 »
1155 1482 1187 1521 lt
1212 1486 1311 1521 veut
1343 1493 1424 1533 que
1455 1481 1514 1520 les
1546 1491 1693 1524 avares
1723 1491 1768 1520 se

192 1543 474 1584 souviennent
496 1557 577 1597 que
597 1546 638 1585 la
658 1549 769 1585 mort
788 1547 962 1586 viendra
981 1547 1284 1586 certainement
1303 1549 1344 1585 et
1363 1546 1460 1586 bien
1480 1546 1578 1595 vite,
1589 1545 1640 1585 de
1661 1556 1767 1597 peur

196 1608 320 1661 qu’ils
339 1610 454 1649 aient
472 1613 564 1662 trop
586 1610 823 1650 d'atfection
843 1623 949 1663 pour
980 1611 1040 1651 les
1072 1611 1191 1650 biens
1223 1612 1274 1651 de
1306 1623 1352 1651 ee
1371 1611 1538 1661 monde,
1560 1614 1602 1650 et
1621 1622 1704 1662 que
1722 1620 1767 1649 se

192 1677 456 1726 promettant
475 1688 558 1715 une
582 1675 731 1727 longue
752 1677 819 1716 vie
839 1676 889 1715 ils
909 1677 1072 1716 n’osent
1092 1677 1307 1728 employer
1326 1676 1386 1715 les
1404 1676 1522 1716 biens
1543 1675 1665 1727 qu'ils
1693 1676 1768 1714 ont

194 1749 329 1790 reQUS,
351 1740 431 1779 soit
453 1752 560 1792 pour
579 1753 800 1780 conserver
820 1741 911 1781 leur
930 1742 1012 1790 vie,
1035 1741 1115 1780 soit
1136 1754 1243 1793 pour
1263 1741 1369 1780 faire
1390 1740 1600 1780 l’aumOne
1616 1742 1658 1779 et
1677 1744 1765 1779 tra-

192 1803 342 1843 vailler
362 1807 385 1843 a
407 1805 446 1844 la
469 1806 601 1857 gloire
635 1806 686 1845 de
719 1807 839 1845 Dieu.
871 1809 927 1846 Le
961 1807 1072 1858 Sage
1104 1806 1270 1858 appelle
1301 1811 1507 1845 testament
1523 1804 1589 1845 des
1619 1803 1766 1857 ense-rs,

190 1867 336 1909 l'arret
368 1870 529 1921 d’apres
561 1871 700 1923 lequel
732 1883 838 1909 nous
868 1871 1025 1910 devons
1057 1875 1152 1910 tous
1184 1871 1299 1910 subir
1330 1871 1371 1910 la
1402 1874 1532 1921 mort3
1574 1871 1677 1911 dans
1708 1870 1768 1910 les

192 1933 318 1974 livres
338 1935 388 1974 de
409 1935 866 1985 l'Aneien-Testament,
891 1937 931 1976 la
950 1939 1061 1976 mort
1092 1941 1154 1976 est
1184 1939 1362 1976 souvent
1394 1936 1592 1988 designee
1613 1946 1708 1975 sous
1727 1934 1766 1974 le

191 2011 293 2039 nom
314 1999 511 2050 d’enfers‚
534 2013 657 2053 parce
678 2001 800 2054 qu'en
823 2014 867 2041 ee
888 2002 1089 2054 temps-la
1108 2006 1200 2041 tout
1220 2002 1259 2041 le
1279 2002 1434 2041 monde
1467 2001 1607 2041 devait
1625 2013 1653 2052 y
1673 1999 1766 2040 des—

619 165 667 194 Ls
697 165 900 197 RATIONAL
929 166 1003 195 DES
1032 157 1350 197 PnssnchTEuns.

194 2163 230 2195 et
269 2169 335 2205 pro
365 2159 574 2195 illationem
617 2159 704 2206 petit
746 2172 765 2195 a
810 2162 896 2197 Deo.
946 2178 958 2193 »

195 2206 309 2250 Quasi
358 2206 429 2242 icat
452 2217 458 2242 :
484 2209 577 2242 Cum
599 2207 645 2242 sit
682 2208 780 2250 11113,
805 2210 961 2255 fragilis,

195 2253 379 2298 mortalis,
404 2254 503 2290 brevi
525 2255 565 2290 in
588 2255 780 2300 pulverem
808 2262 841 2292 et
875 2267 960 2293 eor-

196 2301 412 2348 ruptionem
436 2301 687 2345 reducendus,
709 2314 756 2339 an
785 2306 958 2341 convenit

195 2357 283 2386 eum
305 2349 398 2385 iram
434 2359 635 2391 reservare.
658 2355 690 2385 vt
725 2351 789 2386 irae
827 2352 887 2386 uei
924 2364 962 2386 se

195 2396 402 2434 obnoxium
425 2397 579 2433 reddere
597 2399 611 2432 ?
628 2398 687 2433 Sic
710 2399 839 2434 multis
873 2410 960 2435 scn-

194 2444 325 2480 tentiis
360 2445 582 2480 memoriam
617 2446 748 2482 mertis
782 2446 960 2490 ino-ulem,

191 2495 232 2528 ut
253 2491 300 2528 ab
326 2492 378 2527 ira
400 2497 431 2527 et
453 2491 651 2528 inimicitia
674 2493 961 2530 homini-..savor-

195 2542 262 2583 tat,
290 2540 353 2585 qui
388 2550 535 2586 semper
567 2545 601 2575 et
631 2541 795 2576 maxime
831 2542 869 2577 iu
902 2542 961 2577 die

194 2589 328 2623 mortis
366 2592 476 2629 egent
519 2587 582 2623 Dei
630 2588 888 2625 misericordia
927 2595 962 2625 et

194 2634 475 2681 propitiatione,
523 2635 597 2671 cite
642 2646 729 2683 ergo
775 2642 809 2671 et
858 2637 959 2673 ittam

195 2681 369 2729 proximo
393 2682 610 2728 impendere
629 2683 781 2727 debent,
805 2695 850 2720 ne
871 2696 960 2731 prze-

195 2734 428 2775 occupentur
448 2730 508 2766 dic
530 2731 673 2767 mortis

242 2776 368 2813 'l'ertio
391 2778 490 2813 idem
522 2778 808 2815 Ecclesiasticus
843 2780 962 2815 avaris

195 2833 306 2860 aures
327 2825 522 2867 vellicans,
547 2830 583 2862 ut
607 2826 717 2863 bonis
738 2828 815 2863 suis
850 2833 961 2863 utan-

198 2874 271 2915 tur,
293 2876 327 2907 et
349 2872 412 2909 11111
437 2873 473 2909 111
497 2873 557 2920 pia
577 2884 690 2921 opera
724 2874 959 2921 impendent.

197 2918 251 2954 alc
285 2919 447 2966 loquitur
471 2931 478 2956 :
507 2934 521 2950 «ι
548 2921 630 2965 Fili,
653 2922 683 2958 si
715 2922 844 2966 habes,
867 2922 961 2959 bene

197 2965 255 3000 sae
277 2971 413 3012 tecum,
437 2973 471 3003 et
492 2968 625 3014 dignas
649 2969 722 3006 Deo
752 2970 961 3006 oblationes

1003 2162 1108 2198 offer.
1131 2176 1143 2193 υ
1169 2162 1365 2198 Rationem
1387 2161 1563 2207 subjicit:
1583 2176 1597 2193 α
1621 2161 1765 2198 Memor

1002 2215 1080 2246 esto
1115 2210 1294 2256 quoniam
1327 2219 1428 2245 mors
1463 2219 1541 2245 non
1574 2209 1705 2254 tardat,
1728 2212 1765 2245 et

1002 2262 1268 2293 testamentum
1308 2257 1514 2293 insci-orum
1559 2256 1657 2302 quod
1695 2256 1763 2292 de-

1003 2310 1251 2341 monstratum
1285 2309 1339 2341 est
1371 2304 1449 2340 tibi.
1481 2304 1764 2340 Testamentum

1001 2354 1103 2389 enim
1146 2353 1256 2398 huJus
1288 2351 1437 2396 mundi,
1472 2356 1591 2387 morto
1622 2351 1765 2388 morie-

1003 2407 1073 2436 tur.
1099 2416 1111 2432 υ
1139 2401 1223 2437 Vult
1243 2410 1429 2436 memores
1450 2399 1536 2436 illos
1557 2410 1639 2435 esse
1659 2409 1765 2436 mor-

1002 2453 1076 2484 tem
1094 2453 1195 2484 certo
1217 2454 1251 2485 et
1272 2449 1347 2484 cito
1382 2447 1597 2491 imminere,
1618 2457 1667 2483 ne
1700 2446 1762 2482 ni-

1003 2496 1074 2531 mis
1094 2501 1224 2532 atinent
1246 2497 1325 2531 tioec
1357 2499 1519 2540 terrena,
1542 2499 1578 2531 et
1610 2494 1763 2541 longin-

1001 2554 1112 2588 quam
1146 2544 1259 2579 vitam
1294 2543 1365 2579 sibi
1398 2543 1673 2588 promittentes,
1702 2541 1762 2577 vix

1000 2591 1162 2626 audeaut
1184 2591 1292 2627 bonis
1313 2590 1382 2626 sibi
1412 2602 1434 2626 a
1467 2591 1541 2626 Deo
1573 2588 1764 2626 concessis

1002 2638 1068 2682 uti,
1093 2643 1170 2673 tum
1192 2639 1237 2674 ad
1260 2637 1586 2682 sustentationem,
1609 2641 1689 2672 tum
1716 2636 1763 2672 ad

1001 2685 1295 2731 utetunosymun,
1316 2690 1351 2722 et
1375 2684 1553 2721 honorem
1583 2684 1660 2720 Dei.
1686 2686 1762 2720 Vo-

1000 2738 1059 2767 cat
1086 2738 1210 2769 autem
1236 2744 1243 2769 z
1270 2748 1283 2765 «
1320 2736 1585 2769 testamentum
1619 2732 1762 2768 infero-

1002 2790 1082 2816 rum
1115 2796 1127 2811 »
1164 2780 1448 2827 dispositionem
1482 2779 1528 2815 de
1567 2784 1685 2816 morte
1716 2779 1763 2816 ab

1000 2827 1178 2863 omuibus
1211 2827 1437 2864 subeunda:
1473 2837 1555 2873 qum
1587 2837 1689 2863 mors
1721 2827 1763 2864 in

1000 2875 1133 2911 veteris
1156 2875 1367 2911 testamenti
1391 2874 1495 2911 libris
1515 2886 1614 2922 saepe
1635 2874 1762 2912 nomi—

1000 2933 1046 2959 ne
1086 2922 1224 2959 interni
1274 2923 1622 2969 comprehenditur,
1662 2921 1760 2969 quod

998 2969 1176 3007 omnibus
1197 2970 1263 3007 itto
1284 2975 1451 3017 tempore
1476 2970 1654 3008 deorsum
1673 2969 1762 3006 des-
