1858 3146
1576 103 1655 146 183

84 220 252 266 Marthe
271 222 313 260 et
332 218 383 258 de
403 217 515 257 leurs
543 218 846 264 compagnons,
886 202 1077 244 l'arrivee
1109 199 1160 238 (10
1191 197 1346 248 ,1050011
1379 192 1658 236 d’Arimathie

89 289 192 329 dans
226 286 269 326 la
305 285 533 334 Bretagne,
572 278 614 318 la
649 270 910 328 predication
955 267 1009 307 de
1050 262 1290 315 l’Evangile
1341 264 1384 301 et
1419 260 1460 300 la
1502 269 1659 312 propa-

93 352 239 406 gation
259 350 372 390 dela
391 347 450 388 foi
469 346 575 387 dans
593 353 659 382 ces
677 337 850 390 regions
879 346 958 387 par
988 332 1047 372 les
1076 329 1190 371 soins
1221 327 1273 367 de
1305 338 1371 365 ces
1403 325 1532 364 saints
1562 334 1659 376 per-

90 428 316 468 sonnages.

146 485 223 523 Les
241 480 383 522 efforts
403 477 474 517 des
493 471 682 516 ennemis
700 469 751 510 de
771 467 813 507 la
831 463 1015 516 religion
1035 463 1078 501 et
1097 459 1147 500 de
1189 456 1362 509 I’Eglise
1391 466 1499 507 pour
1518 452 1664 504 empe-

93 548 191 588 cher
210 547 269 587 les
288 554 451 585 oeuvres
470 540 521 580 de
541 538 663 586 Dieu,
685 546 739 574 ne
759 530 966 572 servirent
998 526 1121 574 donc,
1149 524 1255 564 Dieu
1287 521 1448 568 aidant,
1470 517 1568 570 qu'a
1598 518 1665 556 re-

93 612 252 666 pandre
270 610 314 650 la
331 605 510 658 religion
544 607 586 644 et
617 604 640 641 a
660 599 812 640 dilater
830 594 1020 647 l’Eglise.
1042 589 1161 632 Ainsi
1193 590 1316 628 notre
1348 584 1478 638 petite
1505 582 1668 634 harque

94 677 256 730 dirigee
275 686 350 728 par
369 672 474 712 Dieu
494 667 704 709 lui-meme
725 662 863 704 arrive
892 673 945 700 au
968 659 1063 711 port
1094 654 1244 703 desire,
1281 650 1448 701 malgre
1480 647 1541 688 les
1572 646 1669 686 ssots

93 741 320 784 contraires
340 740 366 778 a
385 749 430 776 sa
449 733 635 775 marche.

149 808 225 847 Les
243 805 337 845 flots
357 814 438 855 que
457 801 495 840 10
516 799 679 850 dragon
710 793 863 835 suscita
890 789 1054 831 ensuite
1086 787 1230 827 furent
1263 784 1323 822 105
1353 790 1596 833 empereurs
1627 778 1671 817 et

94 873 154 913 les
183 874 330 922 tyrans
372 866 445 920 qui
476 862 759 904 s'efforcerent
791 859 842 898 de
880 857 1129 906 submerger
1160 850 1202 890 la
1234 849 1409 900 batque,
1446 844 1671 898 penetrant

96 937 201 978 dans
219 935 278 975 les
296 945 401 986 pays
421 930 583 971 habites
603 940 678 981 par
699 926 759 966 les
781 922 958 964 Gentils.

149 1002 304 1048 Neron,
325 997 488 1044 Decius,
511 992 754 1040 Maximien,
772 989 941 1037 Severe,
956 982 1188 1026 Diocletien
1201 984 1244 1020 et
1257 983 1351 1019 tous
1366 989 1472 1018 ceux
1487 975 1560 1028 qui
1580 974 1673 1014 leur

96 1074 168 1108 ont
185 1063 408 1106 ressemble
427 1061 547 1101 n'ont
566 1071 640 1111 pas
658 1058 725 1096 ete
745 1058 866 1095 autre
885 1054 1010 1092 chose
1030 1061 1111 1102 que
1131 1048 1203 1087 des
1234 1047 1356 1085 vents
1390 1042 1570 1082 violents
1588 1050 1666 1079 en-

95 1133 226 1184 voyes
244 1142 320 1183 par
339 1131 405 1169 001
424 1126 595 1179 aquilon
615 1123 714 1163 d'ou
731 1119 908 1172 procede
928 1118 1020 1156 tout
1051 1126 1097 1154 00
1118 1112 1191 1166 qui
1222 1113 1285 1151 est
1305 1109 1406 1158 mal,
1439 1109 1560 1147 vents
1580 1115 1671 1146 em-

99 1197 274 1251 ployant
292 1196 409 1235 toute
428 1192 519 1232 leur
538 1188 726 1229 violence
746 1189 788 1226 01
818 1186 934 1224 10010
968 1182 1059 1221 leur
1091 1179 1237 1218 fureur
1270 1177 1295 1215 a
1324 1183 1542 1214 renverser
1572 1172 1616 1210 et
1645 1170 1673 1209 a

101 1261 325 1316 precipiter
344 1259 447 1298 dans
467 1257 527 1296 les
546 1255 707 1294 ahimes
725 1251 767 1291 la
796 1251 956 1301 harque
988 1258 1059 1285 sur
1087 1241 1270 1295 laquelle
1303 1241 1342 1279 le
1374 1237 1515 1279 Christ
1545 1238 1588 1275 et
1618 1234 1678 1274 les

103 1326 294 1380 disciples
314 1321 604 1375 naviguaient.
626 1321 703 1358 Les
725 1315 826 1368 grils
855 1313 1038 1359 ardents,
1061 1310 1119 1348 les
1149 1306 1293 1359 poetes
1323 1301 1585 1349 eussammes,
1618 1298 1680 1339 105

103 1392 326 1440 chevalets,
347 1389 408 1429 les
426 1386 557 1435 croix,
579 1386 638 1424 les
666 1381 861 1435 javelots,
883 1378 943 1418 les
974 1374 1123 1427 engles
1155 1372 1206 1412 de
1240 1370 1304 1409 fer
1323 1371 1365 1408 01
1391 1366 1506 1407 mille
1536 1366 1679 1404 autres

102 1457 376 1499 instruments
396 1453 446 1492 de
467 1449 652 1502 supplice
673 1446 828 1499 qu'une
849 1442 1023 1483 cruaute
1056 1436 1303 1489 ingenieuse
1333 1432 1467 1472 savait
1487 1430 1681 1469 inventer

103 1525 129 1563 a
148 1522 310 1574 chaque
331 1520 505 1566 instant,
530 1511 810 1554 n'etaient-ils
840 1520 915 1561 pas
934 1518 1017 1547 eux
1036 1502 1149 1544 aussi
1168 1501 1240 1540 des
1274 1500 1369 1538 ssots
1398 1494 1586 1536 souleves
1604 1504 1681 1546 par

101 1587 248 1628 l'enfer
267 1597 375 1639 pour
395 1581 591 1623 aneantir
610 1581 718 1619 cette
737 1572 929 1627 barque?

157 1652 310 1705 Depuis
327 1651 468 1690 Neron
490 1645 660 1698 jusqu'a
679 1639 945 1685 Constantia,
973 1631 1239 1676 c’est-a-dire
1277 1627 1467 1681 pendant
1504 1624 1682 1676 l‘espace

106 1719 157 1759 (10
178 1717 288 1758 deux
307 1718 404 1756 cent
423 1713 650 1765 cinquante
670 1720 746 1748 ans
765 1709 808 1746 et
827 1705 921 1758 plus
941 1711 1106 1747 encore,
1130 1710 1185 1736 00
1206 1696 1374 1746 compte
1394 1692 1467 1731 dix
1487 1690 1682 1743 persecu-

106 1784 218 1824 tions
237 1782 310 1822 des
328 1781 422 1833 0105
441 1777 634 1825 cruelles,
657 1758 729 1814 des
748 1772 841 1824 plus
861 1772 1038 1814 atroces,
1059 1762 1250 1817 pendant
1275 1757 1496 1811 lesquelles
1527 1755 1568 1795 la
1586 1754 1683 1794 bar-

109 1860 191 1902 que
211 1844 475 1900 apostolique
495 1843 560 1882 fut
579 1850 741 1880 comme
762 1836 902 1889 agitee
923 1834 974 1873 de
995 1834 1111 1871 toute
1137 1830 1233 1879 part
1264 1828 1307 1864 01
1337 1822 1559 1864 renversee
1590 1829 1686 1860 sens

109 1914 254 1956 (105505
274 1912 459 1952 (1055005.

163 1981 222 2019 La
242 1976 448 2030 premiere
469 1977 541 2014 eut
560 1972 645 2011 lieu
664 1981 760 2009 sous
780 1968 919 2007 Neron
941 1963 1013 2016 qui
1034 1961 1081 2000 fit
1118 1956 1280 1999 mourir
1316 1954 1428 1994 saint
1466 1951 1607 1992 Pierre
1646 1954 1690 1989 01

112 2043 224 2084 saint
243 2041 363 2089 Paul,
386 2038 592 2092 premiers
610 2036 762 2088 pilotes
780 2032 832 2072 de
852 2030 894 2070 la
913 2029 1090 2079 barque.

406 125 642 174 cenninus
669 127 883 162 nnuman
910 115 1037 155 unns
1065 111 1339 152 L'nrtrntmm.

114 2108 1687 2147 ——s

112 2191 160 2229 ab
181 2189 387 2227 Arimathia
407 2186 662 2224 transmisisse
680 2185 720 2220 in
742 2184 884 2219 Britan-

112 2239 234 2283 niam,
255 2237 384 2284 ibique
416 2234 665 2281 Evangelium
698 2236 734 2268 01
770 2230 882 2266 fidem

114 2296 355 2336 propagasse.
372 2284 433 2320 Sic
449 2283 655 2328 impiorum
670 2277 881 2319 conatibus,

116 2333 254 2382 quibus
276 2333 340 2369 Dei
361 2342 474 2378 opera
494 2330 667 2366 nituntur
688 2325 884 2373 impedire,

119 2382 236 2419 utitur
257 2380 338 2428 ipse
360 2380 471 2424 Deus,
494 2382 533 2414 ut
563 2377 628 2413 illa
655 2377 883 2422 promoveat.

118 2430 179 2485 §ic
197 2428 364 2465 adversis
385 2427 471 2463 licet
487 2424 663 2462 fluctibus
677 2423 723 2459 ad
737 2425 886 2468 portum

120 2481 312 2514 intentum
345 2474 523 2521 pertingit
554 2476 683 2509 nostra
714 2468 889 2507 navicula

121 2536 144 2562 a
165 2525 240 2561 Deo
261 2524 416 2559 directa.

173 2571 367 2608 secundos
388 2572 523 2606 ssuctus
556 2564 749 2604 suscitavit
778 2563 891 2600 draco

124 2630 192 2703 001
220 2620 470 2665 Imperatores
508 2620 544 2651 et
582 2615 792 2660 Tyrannus,
828 2609 891 2656 qui

155 2677 227 2704 anc
249 2665 464 2703 naviculam
498 2663 539 2699 in
571 2661 749 2699 Gentium
777 2658 892 2695 ditio-

128 2724 217 2751 nem
279 2713 583 2767 progredientem
653 2707 895 2752 submergere

131 2765 378 2815 suntconati.
404 2761 537 2806 Utique
570 2757 755 2799 Nerones,
776 2753 894 2795 Decii,

131 2807 408 2863 Mauriminiani,
430 2806 570 2850 Severi,
605 2801 843 2844 Diocletiani,
861 2804 897 2836 01

133 2855 288 2901 51101105,
310 2856 399 2910 quid
427 2854 531 2892 aliud
563 2857 650 2890 sunt
681 2860 795 2898 quam
824 2849 897 2884 Bo-

134 2902 255 2939 reales
274 2903 427 2950 quidam
455 2901 574 2945 venti,
594 2900 641 2937 ab
673 2897 858 2945 Aquilone
878 2906 899 2930 a

135 2960 211 2998 quo
230 2950 447 2998 rependitur
465 2959 580 2987 omne
600 2947 743 2984 malum
756 2943 896 2981 immis-

923 2179 968 2221 si,
1002 2184 1156 2213 omncm
1206 2172 1390 2217 impetum
1440 2171 1476 2202 et
1524 2165 1692 2201 furorem

923 2224 1175 2266 effundentes,
1200 2224 1238 2255 ut
1274 2215 1487 2253 naviculam
1519 2213 1630 2248 istam
1649 2210 1693 2248 in

924 2284 997 2320 qua
1018 2270 1188 2308 Christus
1202 2272 1238 2303 et
1257 2262 1436 2310 discipuli
1449 2258 1691 2306 navigabant,

926 2320 1096 2357 l'unditus
1117 2314 1351 2353 everterent?
1372 2308 1582 2350 Craticulae,
1609 2316 1693 2342 sar-

927 2370 1087 2415 tagmes,
1121 2362 1287 2411 equulei,
1309 2369 1454 2400 cruces,
1488 2353 1692 2401 catapulta,

928 2415 1095 2462 ungulae,
1118 2416 1153 2448 et
1173 2412 1351 2447 sexcenta
1383 2406 1457 2442 alia
1490 2400 1693 2449 supplicia,

928 2475 1011 2511 quae
1032 2470 1180 2506 semper
1201 2468 1297 2494 nova
1318 2451 1553 2498 excogitabat
1583 2449 1695 2496 inge-

930 2512 1037 2548 niosa
1057 2506 1274 2546 crudelitas,
1297 2512 1426 2539 00000
1447 2503 1582 2535 fluctus
1607 2498 1696 2533 sunt

930 2559 976 2596 ab
996 2559 1093 2595 Orco
1114 2552 1282 2591 suscitati
1302 2551 1348 2586 ad
1374 2558 1457 2585 eam
1490 2543 1698 2593 profligan-

931 2608 1048 2644 dam?
1072 2605 1207 2641 Decem
1247 2599 1494 2636 numerantur
1531 2594 1698 2630 eruentae

932 2659 968 2691 01
1007 2650 1250 2690 ferocissimae
1287 2643 1464 2692 procellae
1495 2652 1517 2677 a
1546 2640 1700 2678 Nerone

934 2712 1052 2748 usque
1083 2699 1129 2735 ad
1162 2692 1452 2733 Constantinum
1484 2699 1550 2735 per
1574 2696 1700 2724 annos

934 2749 1098 2795 amplius
1119 2754 1231 2790 quam
1252 2742 1435 2778 ducentos
1454 2740 1491 2774 et
1517 2735 1609 2783 quin
1636 2743 1699 2771 ua-

935 2798 1054 2844 ginta,
1105 2791 1242 2838 quibus
1298 2786 1434 2834 cymba
1487 2784 1623 2831 Aposto
1641 2781 1702 2819 ica

937 2848 1236 2890 quaquaversum
1255 2836 1326 2872 suit
1357 2833 1555 2880 exagitata.
1579 2830 1703 2867 Prima

939 2892 1007 2928 suit
1027 2888 1098 2925 sub
1119 2887 1283 2926 Nerone,
1298 2882 1361 2929 qui
1383 2881 1534 2918 Petrum
1554 2882 1590 2915 et
1610 2877 1704 2915 Pau-

939 2939 1019 2976 lum
1039 2933 1238 2983 primarios
1268 2930 1376 2968 navis
1394 2929 1570 2965 Rectores
1600 2926 1703 2962 inte-
