1858 3146
107 214 274 266 compte
291 211 338 252 ni
356 211 416 252 les
434 210 613 251 femmes
631 211 673 250 ui
693 210 753 251 les
771 210 956 250 enfants.
978 210 1011 249 Il
1036 223 1066 262 y
1085 213 1159 250 eut
1189 209 1297 250 donc
1323 210 1379 250 ici
1409 210 1482 251 des
1513 210 1686 252 enfants

109 289 164 318 en
185 277 322 330 grand
342 276 536 325 nombre,
559 288 605 316 ce
624 275 697 329 qui
717 274 886 328 signifie
907 274 1030 327 qu’ils
1049 279 1234 327 peuvent
1252 275 1366 316 aussi
1384 276 1489 316 aller
1509 278 1534 316 8
1563 277 1686 318 ,lesus

111 342 254 395 quand
273 340 495 382 l’occasion
518 354 560 380 58
580 343 771 394 presente
791 343 834 380 81
852 339 891 379 18
912 339 1051 379 suivre
1082 340 1186 379 dans
1217 341 1256 380 le
1285 340 1440 389 desert,
1462 341 1571 382 ainsi
1602 354 1684 395 que

111 407 151 448 le
169 407 248 448 fait
265 406 463 446 observer
483 406 594 445 saint
615 405 831 446 Ambroise
850 403 969 457 (livre
987 405 1041 444 111
1056 403 1122 444 des
1145 405 1316 458 Vierqes)
1341 419 1351 445 :
1381 419 1397 442 ι
1418 407 1530 445 Νο85
1542 418 1687 458 regar-

109 473 215 514 dons
235 483 398 511 comme
418 473 594 523 etrange
619 483 700 524 que
733 471 805 511 des
833 470 984 522 jeunes
1014 468 1122 509 filles
1158 482 1210 509 en
1243 471 1324 522 age
1355 470 1485 510 d’etre
1506 471 1685 512 mariees

110 537 273 578 suivent
291 536 576 578 Jesus-Christ
592 537 746 589 jusque
766 535 870 575 dans
890 546 964 574 son
983 546 1203 586 royanme,
1227 535 1287 574 lui
1307 547 1388 586 que
1423 535 1483 575 les
1514 536 1686 576 enfants

107 601 318 642 suivaient
338 601 443 641 dans
462 601 501 640 18
522 601 677 642 desert.
698 600 733 641 Il
753 603 816 640 est
836 600 1024 640 honteux
1044 599 1276 651 d'eloigner
1297 599 1353 640 du
1387 600 1596 652 Seigneur
1626 600 1687 642 les

107 666 278 707 enfants
298 666 372 718 qui
401 678 508 718 pour
540 678 616 706 son
650 677 750 706 nom
783 668 858 704 081
887 665 1062 705 souffert
1094 666 1230 704 meme
1261 664 1300 704 18
1332 667 1535 717 martyre,
1557 677 1628 705 car
1646 666 1685 706 18

110 742 314 784 royaume
335 730 406 771 des
427 731 548 770 cieux
568 730 660 770 leur
679 730 932 783 appartient.
955 730 986 770 Il
1007 728 1114 770 n'est
1133 742 1272 770 aucun
1305 731 1386 782 age
1418 730 1491 782 qui
1522 742 1575 770 ne
1609 730 1689 771 soit.

108 797 207 836 msu-
226 808 335 848 pour
355 795 414 836 les
435 795 559 835 fruits
579 795 630 836 de
662 795 702 835 18
738 796 878 847 grace,
900 793 998 834 c’est
1026 807 1133 847 pour
1165 795 1253 835 cela
1285 807 1366 847 que
1398 795 1458 834 les
1484 795 1687 836 Ninivites

109 860 333 901 voulurent
353 860 457 900 faire
476 861 626 912 jeuner
640 860 775 900 meme
797 859 855 899 les
876 860 1059 899 enfants.
1075 872 1095 897 n
1116 859 1249 909 Ainsi,
1265 860 1603 909 anciennement,
1621 860 1681 900 les

109 925 277 966 enfants
296 924 455 965 etaient
474 924 611 965 admis
636 927 661 965 a
694 924 735 964 18
767 925 899 964 sainte
932 924 1231 975 Communion,
1255 924 1359 965 dont
1387 937 1433 964 ce
1458 936 1579 977 repas
1599 936 1681 977 que

110 989 391 1031 lesus-Christ
411 989 503 1030 leur
534 990 676 1030 donna
696 990 802 1029 dans
821 990 860 1029 18
880 989 1019 1029 desert
1039 990 1104 1029 fut
1122 1001 1175 1029 88
1197 990 1378 1042 quelque
1398 993 1508 1029 sorte
1530 989 1568 1030 le
1587 993 1683 1043 pre-

110 1053 222 1095 lude.
251 1055 416 1106 Evagre
445 1053 530 1108 (liv.
567 1066 625 1105 1v,
647 1066 774 1104 xxxv,
797 1053 905 1094 Hz‘st.
939 1054 1073 1107 Eccl.)
1093 1054 1172 1094 cite
1205 1066 1250 1094 ce
1283 1054 1361 1094 fait
1391 1054 1685 1095 mii-aculeux:

109 1118 260 1159 C’etait
278 1119 480 1159 autrefois
501 1120 542 1160 18
560 1123 756 1160 80818188
789 1122 814 1159 a
846 1120 1207 1171 Constantinople,
1231 1118 1422 1172 lorsqu’il
1453 1119 1597 1159 1851811
1616 1119 1689 1160 885

109 1184 333 1236 particules
353 1183 408 1223 du
428 1185 558 1237 Corps
577 1185 627 1224 de
649 1185 1007 1236 Notre-Seigneur
1026 1184 1077 1223 de
1098 1185 1203 1223 faire
1223 1185 1343 1224 venir
1369 1185 1428 1224 les
1447 1184 1611 1224 eufants
1632 1184 1686 1224 de

109 1248 252 1290 l’ecole
272 1261 378 1302 pour
398 1250 457 1290 les
476 1249 570 1289 leur
590 1249 753 1290 donner
775 1251 798 1289 a
819 1261 1014 1297 manger.
1041 1251 1096 1289 Le
1116 1249 1180 1289 fils
1201 1249 1300 1289 d’un
1328 1250 1433 1298 Juif,
1455 1249 1614 1290 verrier
1633 1249 1685 1290 de

107 1325 185 1354 5011
205 1315 305 1364 8181,
328 1315 416 1354 vint
437 1326 599 1354 comme
619 1315 677 1354 les
695 1318 851 1354 autres.
873 1316 1002 1354 Etant
1021 1318 1130 1354 reste
1151 1314 1303 1354 dehors
1322 1315 1415 1366 plus
1445 1314 1689 1367 longtemps

110 1380 208 1431 qu’a
238 1379 495 1429 l'ordinaire,
530 1391 593 1419 ses
627 1384 797 1431 parents
840 1380 900 1418 lui
946 1379 1251 1419 demanderent
1294 1378 1332 1419 le
1374 1379 1500 1419 motis
1530 1379 1581 1419 de
1612 1390 1689 1419 son

108 1443 268 1493 retard,
291 1444 322 1484 il
343 1444 540 1496 repondit
560 1444 662 1496 qu'il
678 1444 814 1484 s'etait
833 1445 1042 1497 approche
1063 1444 1114 1483 de
1134 1445 1175 1483 la
1194 1444 1323 1484 Table
1352 1444 1487 1483 sainte
1507 1455 1608 1484 avec
1627 1443 1687 1484 les

107 1510 249 1548 autres
268 1508 450 1548 88181115.
472 1510 529 1548 Le
548 1511 660 1561 pere,
685 1509 911 1548 8811818818
932 1509 982 1548 88
1003 1509 1154 1556 colere,
1179 1509 1289 1559 jette
1319 1508 1498 1548 l’enfant
1517 1508 1624 1548 dans
1643 1508 1687 1548 18

107 1573 305 1614 verrerie.
330 1575 389 1614 La
410 1576 540 1624 mere,
563 1574 768 1626 ignorant
789 1586 835 1613 88
856 1573 931 1626 qui
958 1573 1102 1613 venait
1135 1574 1186 1613 de
1218 1585 1260 1612 se
1290 1585 1447 1625 passer,
1471 1572 1687 1620 cherchait

109 1650 162 1679 811
181 1639 377 1692 pleurant
396 1650 469 1678 508
489 1639 637 1679 enfant
657 1638 762 1678 dans
782 1642 898 1678 10818
918 1638 958 1677 18
980 1638 1094 1677 ville.
1119 1641 1182 1677 Au
1213 1637 1318 1677 bout
1349 1638 1399 1678 de
1432 1638 1535 1677 trois
1549 1637 1684 1691 jours,

108 1702 328 1743 s'arretant
349 1705 498 1756 aupres
519 1703 570 1744 de
590 1703 631 1744 18
650 1708 771 1756 porte
792 1704 843 1743 de
864 1703 1061 1742 l’offieine
1081 1702 1134 1743 de
1154 1714 1229 1742 son
1251 1702 1358 1742 mari
1378 1705 1421 1742 et
1439 1715 1482 1742 58
1516 1703 1680 1744 lamen-

108 1771 217 1820 tant,
233 1767 313 1808 elle
333 1768 517 1821 appelait
535 1779 610 1808 son
625 1769 705 1808 fils.
720 1768 932 1818 L’enfunt,
950 1768 1265 1808 reconnaissent
1278 1767 1319 1807 18
1332 1768 1430 1807 voix
1444 1768 1495 1808 de
1509 1780 1555 1808 sa
1569 1770 1686 1809 mere

509 123 745 168 otmmime
773 131 987 162 nummum
1016 132 1068 161 88
1099 123 1281 162 cneus.

111 1945 343 1980 numeraret.
376 1950 447 1977 nec
480 1939 647 1984 saemina,
680 1949 751 1976 nec
786 1949 880 1985 puer

106 1988 250 2034 aliquis
287 1992 520 2024 numeratur.
553 1988 761 2023 Adl'uerunt
791 1997 879 2033 ergo

111 2036 219 2083 pueri
239 2036 351 2072 etlam
372 2046 509 2081 magno
532 2044 690 2071 numero
722 2034 781 2070 hic
815 2045 880 2080 per

111 2084 212 2129 quod
245 2083 495 2128 significatur,
530 2082 629 2129 quod
671 2086 706 2117 81
745 2081 801 2117 illi
834 2082 879 2117 ad

110 2131 303 2168 Christum
324 2130 519 2176 pervenire
540 2133 696 2175 possunt
728 2128 767 2165 in
797 2139 879 2164 ma-

110 2178 281 2222 turitate,
314 2183 350 2214 et
383 2178 422 2214 in
449 2177 695 2214 solitudinem
717 2182 800 2223 post
820 2176 880 2222 ip-

110 2235 199 2263 sum
220 2225 337 2262 abire.
357 2226 434 2262 Hoc
455 2224 596 2261 nou-ivit
618 2229 770 2260 sanctus
791 2224 879 2259 Am-

112 2272 274 2318 brosius,
310 2273 334 2308 l.
372 2273 440 2318 111,
476 2273 522 2309 de
562 2271 792 2317 Virginibus,
816 2270 880 2307 ubi

112 2320 206 2358 dicit.
227 2331 235 2356 :
263 2333 277 2352 α
300 2322 414 2364 Quasi
435 2319 658 2356 incredibile
690 2323 880 2365 putamus,

114 2368 148 2404 si
168 2367 304 2414 puellae
325 2367 475 2403 nubiles
506 2367 694 2403 Christum
715 2376 880 2412 sequan-

114 2420 176 2452 tur
208 2415 254 2451 88
287 2425 461 2461 regnum,
491 2425 603 2460 quem
637 2414 749 2450 etiam
775 2414 880 2459 pueri

113 2462 368 2510 sequebantur
389 2463 428 2498 in
449 2462 652 2498 desertum.
676 2461 811 2499 Nobile
828 2472 883 2498 er·

113 2520 162 2557 go
179 2521 202 2546 8
221 2510 366 2547 Christo
386 2519 514 2546 arcere
534 2509 710 2555 infantes,
734 2508 820 2555 quia
846 2512 882 2545 et

113 2557 189 2604 ipsi
234 2568 300 2604 pro
348 2557 485 2593 Christi
531 2557 688 2593 nomine
733 2556 881 2592 subiere

114 2605 352 2651 martyrium,
375 2604 506 2640 talium
526 2608 581 2640 est
600 2604 703 2640 enim
724 2614 881 2650 regnum

115 2651 313 2689 eoelorum.
339 2652 449 2689 Nulla
476 2662 563 2698 ergo
589 2655 678 2687 aetas
698 2651 883 2688 fructibus

115 2699 245 2745 gratiae
265 2700 465 2736 immatura
496 2703 565 2742 851,
587 2699 674 2746 quia
702 2703 737 2735 et
770 2699 882 2737 Nini-

116 2745 203 2782 vitae
240 2747 439 2784 voluerunt
470 2746 582 2782 etiam
615 2756 752 2792 pueros
780 2747 883 2792 J'eju—

118 2802 224 2829 nare.
264 2808 278 2826 u
310 2794 369 2831 Sic
391 2799 427 2831 et
446 2793 654 2840 antiquitus
679 2794 785 2840 pueri
814 2794 883 2830 ad-

119 2839 365 2878 mittebantur
397 2841 444 2878 ad
482 2841 697 2878 convivium
730 2841 883 2878 Eucha-

119 2887 304 2934 risticum,
321 2888 428 2934 cujus
446 2888 675 2936 praeludium
694 2889 884 2935 quoddam

118 2933 193 2973 fuit
209 2934 283 2975 1108
301 2935 438 2974 Christi
454 2936 672 2976 convivium
689 2935 734 2975 18
753 2936 884 2975 deser·-

919 1943 967 1975 to.
1004 1939 1109 1976 Unde
1146 1939 1246 1985 apud
1285 1938 1485 1985 Evagrium
1511 1939 1688 1977 mirabile

920 1986 989 2022 hae
1009 1988 1055 2022 de
1076 1997 1114 2022 re
1136 1987 1292 2022 refertur
1312 1987 1531 2033 exemplum
1564 1987 1588 2023 l.
1625 1987 1688 2032 IV,

918 2044 951 2070 8.
975 2045 1083 2071 xxxv.
1098 2034 1267 2070 ilistoriae
1284 2034 1689 2071 EcclesiasticaeNetus

919 2082 1056 2127 inquit,
1077 2082 1145 2117 t'uit
1167 2082 1400 2118 consuetudo
1416 2082 1687 2119 Constantino-

919 2129 1009 2175 poli,
1048 2134 1087 2165 ut
1118 2129 1268 2174 quando
1296 2129 1491 2175 particulae
1520 2129 1690 2176 corporis

923 2176 1070 2212 Domini
1111 2181 1365 2222 superessent,
1399 2177 1507 2223 pueri
1539 2177 1688 2214 scholas

919 2224 1201 2270 frequentantes
1213 2229 1496 2260 accerserentur
1509 2235 1571 2260 eas
1582 2234 1689 2261 man·

918 2271 1103 2307 ducaturi.
1127 2272 1289 2318 Contigit
1308 2276 1434 2307 autem
1468 2271 1590 2308 [ilium
1614 2282 1685 2309 88-

915 2319 1065 2365 jusdam
1079 2319 1213 2362 Judaei,
1236 2324 1313 2355 arte
1327 2319 1483 2357 vitrarii.
1499 2329 1588 2356 cum
1601 2319 1686 2356 aliis

919 2367 1302 2413 advenisse.Cu1nque
1314 2366 1411 2402 ultra
1426 2366 1579 2403 solitum
1594 2371 1685 2403 tem-

920 2424 989 2460 pus
1025 2419 1190 2450 moratus
1226 2414 1370 2457 fuisset,
1404 2414 1686 2451 sciscitantibus

921 2461 1139 2508 parentibus
1159 2471 1310 2498 causam
1339 2471 1468 2507 morae,
1492 2462 1688 2508 respondit

920 2520 959 2545 se
979 2519 1066 2545 cum
1086 2509 1172 2544 aliis
1205 2510 1331 2555 pueris
1361 2509 1408 2544 ad
1440 2519 1591 2546 sacrum
1624 2520 1688 2555 pa·

921 2567 1008 2592 nem
1029 2556 1245 2592 accessisse.
1263 2557 1447 2592 Incensus
1467 2556 1593 2594 furore
1614 2557 1686 2594 Pa-

921 2608 991 2646 ter,
1002 2604 1123 2639 tilium
1138 2604 1177 2640 in
1193 2604 1384 2640 fornacem
1400 2604 1589 2640 vitrarium
1600 2614 1688 2641 con-

916 2651 1014 2697 jicit.
1054 2651 1171 2687 Mater
1213 2652 1267 2687 rei
1313 2651 1436 2688 inscia
1476 2651 1689 2698 requirebat

922 2708 1080 2744 puerum
1112 2709 1178 2745 per
1210 2698 1343 2735 urbem
1371 2709 1460 2735 cum
1495 2699 1686 2736 lamentis.

923 2747 1008 2782 Post
1028 2746 1194 2782 triduum
1214 2747 1259 2782 ad
1281 2746 1419 2783 ostium
1439 2745 1604 2784 officinae
1630 2747 1688 2784 vi-

922 2794 953 2830 ri
987 2793 1199 2830 consistens
1218 2797 1255 2829 et
1275 2793 1501 2840 lamentans,
1527 2803 1689 2841 puerum

922 2851 990 2877 suo
1022 2841 1179 2877 nominc
1209 2841 1474 2887 compellabat.
1515 2842 1560 2878 At
1596 2851 1690 2888 puer

922 2888 1052 2924 matris
1074 2898 1203 2925 vocem
1228 2898 1455 2936 agnoscens,
1489 2899 1510 2926 e
1536 2889 1689 2927 clibano

921 2935 984 2975 dat
1002 2945 1240 2985 responsum.
1261 2935 1334 2976 Illa
1351 2935 1517 2977 effractis
1542 2936 1692 2977 toribus
