1858 3146
1588 144 1667 190 291

115 261 118 264 ·
156 247 222 288 Un
254 244 363 285 frere
388 243 462 292 161,
482 241 807 282 excessIVement
841 236 1014 277 humble
1045 239 1088 275 et
1119 234 1283 287 simple,
1305 233 1504 274 endurait
1521 231 1669 286 depuis

104 311 206 352 trois
226 322 300 350 665
315 309 386 349 (165
405 308 602 348 douleurs
615 303 926 346 tres-violentes
935 314 946 351 ;
962 313 1027 341 ses
1041 299 1262 340 infirmiles
1277 299 1435 338 etaient
1449 297 1567 338 telles
1586 308 1670 350 que

105 388 180 416 son
199 375 296 428 pied
315 372 630 424 6016166666116
642 371 729 410 6116
747 369 902 408 devore
918 379 994 419 par
1008 366 1048 405 16
1065 366 1307 417 gangrenc;
1332 363 1439 402 mais
1453 375 1505 402 66
1521 362 1668 403 milieu

105 441 155 481 de
174 453 238 480 565
255 439 522 486 50611166665,
543 436 642 475 1166
662 433 799 474 faisait
818 431 1020 472 entendrc
1052 442 1135 482 que
1161 441 1227 469 ces
1258 428 1423 481 paroles
1448 440 1457 466 :
1483 442 1501 462 α
1526 427 1666 476 Jews,

105 518 205 558 ayez
223 504 325 558 pitie
343 504 392 542 (16
412 502 511 542 moi.
536 516 555 539 »
577 500 717 547 Enfin,
737 511 795 538 un
811 498 926 550 jour,
946 509 999 536 66
1021 496 1166 535 1611166
1187 494 1237 534 (16
1257 494 1299 533 16
1318 492 1425 542 6611,
1453 492 1484 531 11
1517 491 1665 543 expim

105 571 208 611 (1665
226 570 286 610 165
304 569 399 608 bras
418 567 468 606 de
488 578 550 606 ses
571 566 715 614 freres,
736 563 775 604 le
793 575 909 603 coeur
927 561 1079 602 inonde
1100 561 1149 600 de
1170 559 1363 599 110611661-
1382 562 1423 598 61
1436 557 1493 596 (16
1509 557 1613 609 joie.

158 637 214 676 Le
234 632 453 674 dimanche
472 631 648 678 suivant,
673 629 807 669 sainte
826 628 1007 680 Brigitte
1027 626 1130 666 61611
1148 637 1200 665 66
1222 625 1393 677 micres,
1415 626 1458 662 61
1477 621 1672 674 songeait

106 702 132 740 ὸ,
149 700 190 739 16
208 704 319 739 mort
337 697 388 737 de
408 709 452 736 ce
474 696 597 744 frere,
620 695 698 736 elle
719 695 783 734 fut
803 693 917 733 ravie
949 705 1001 732 en
1035 695 1177 732 extase
1209 694 1251 730 et
1283 688 1475 729 entendit
1507 688 1545 727 16
1578 686 1670 727 Sei-

107 775 243 817 gneur
261 763 331 815 qui
351 761 411 801 lui
430 761 631 801 adressait
649 772 714 799 ces
734 758 897 812 6610165
915 770 953 797 ;«
969 758 1001 798 Ο
1016 769 1085 797 ma
1100 756 1200 804 fille,
1217 755 1394 807 puisque
1414 754 1473 793 les
1496 750 1666 804 grands,

106 829 163 869 les
182 828 371 868 docteurs
391 831 431 866 et
451 826 511 865 les
530 826 753 877 puissants‚
778 836 830 863 ne
851 823 1021 863 veulent
1052 835 1125 874 pas
1157 834 1199 861 se
1220 821 1324 860 faire
1351 818 1544 858 humbles
1564 828 1672 870 pour

104 893 223 934 venir
241 894 265 932 6
284 892 384 940 1601,
402 892 446 943 Je
463 892 548 930 suis
567 890 708 942 oblige
737 890 788 929 de
820 900 1038 941 composer
1071 899 1167 927 mon
1201 897 1404 938 royaume
1436 883 1588 924 celeste
1619 881 1671 922 de

103 969 294 1011 pauvres.
316 957 367 996 de
387 956 557 1008 simples
576 959 617 996 61
636 955 914 1008 d’ignorants.
938 971 957 989 »

158 1023 246 1070 Que
265 1025 329 1061 661
348 1021 537 1074 exemple
558 1033 663 1061 nous
683 1031 897 1072 apprenne
919 1022 943 1058 6
962 1018 1154 1070 eloigner
1182 1016 1232 1056 de
1266 1028 1372 1055 nous
1399 1012 1610 1066 l’orgueil,
1629 1010 1675 1052 16

104 1087 400 1140 616501661106,
426 1087 484 1126 165
500 1086 743 1138 jugements
763 1085 982 1124 indiserets
1001 1086 1043 1122 et
1067 1081 1324 1122 temeraires.
1350 1081 1513 1131 Soyons
1545 1076 1675 1130 petits

103 1154 130 1192 ὰ
149 1165 223 1192 nos
243 1164 413 1204 propres
432 1164 555 1204 yenx,
580 1151 613 1190 si
633 1163 738 1190 nous
757 1154 934 1190 voulons
953 1150 1040 1189 etre
1063 1147 1219 1200 grands
1239 1158 1325 1185 aux
1343 1157 1455 1197 yeux
1476 1144 1527 1183 de
1547 1143 1673 1183 Dieu-

106 1218 214 1257 Dans
232 1229 307 1256 506
327 1228 528 1269 royaume
549 1217 711 1264 celeste,
737 1215 928 1255 l’esclave
947 1226 1039 1254 sera
1059 1213 1279 1252 uu-dessus
1299 1212 1349 1251 de
1370 1222 1444 1249 506
1465 1210 1616 1248 maitre
1630 1209 1676 1248 et

107 1281 148 1322 16
167 1286 359 1322 servante
380 1282 598 1322 (16-(165565
629 1281 679 1321 (16
705 1293 750 1320 56
779 1282 1018 1328 maitresse;
1055 1280 1092 1318 16
1124 1278 1295 1329 disciple
1327 1286 1567 1328 surpassera
1598 1285 1676 1314 son

106 1349 369 1400 precepteur‚
392 1347 430 1387 16
450 1347 514 1386 fils
532 1359 606 1386 son
627 1348 738 1398 pere,
763 1345 962 1385 l’homme
992 1343 1138 1395 simple
1158 1348 1198 1382 et
1217 1343 1402 1381 inconnu
1434 1352 1528 1379 sera
1558 1338 1675 1378 eleve

106 1412 327 1452 (16-(165565
358 1413 414 1451 du
446 1412 569 1451 noble
596 1412 755 1450 illustre
788 1415 829 1449 et
859 1414 1030 1457 savant3
1064 1408 1293 1459 l'ignorunt
1324 1418 1428 1444 aura
1462 1415 1544 1443 une
1573 1414 1674 1443 cou-

106 1489 239 1517 ronne
259 1477 352 1529 plus
371 1477 477 1516 belle
498 1488 579 1528 que
598 1476 636 1515 le
657 1487 772 1526 suge,
795 1474 834 1514 16
852 1486 1009 1526 pauvre
1032 1472 1250 1512 mendiant
1281 1483 1372 1510 sera
1407 1468 1568 1508 combles
1602 1467 1675 1508 des

106 1541 321 1581 honneurs
340 1543 525 1581 reserves
546 1553 599 1580 66
620 1540 733 1579 riche
754 1542 796 1579 et
815 1552 868 1578 66
889 1538 1090 1590 66155661.

157 1606 260 1646 Β166
291 1606 400 1658 6165,
435 1605 665 1645 tremblons
696 1617 747 1644 en
783 1604 988 1643 meditent
1015 1604 1053 1642 16
1074 1601 1313 1642 conclusion
1346 1600 1396 1640 (16
1427 1602 1535 1638 66116
1556 1609 1675 1651 para-

105 1670 214 1720 bole,
247 1683 299 1710 en
332 1673 538 1722 songeant
568 1673 593 1709 6
624 1675 730 1710 66116
761 1672 953 1710 sentence
988 1668 1129 1708 divine
1153 1681 1162 1707 :
1187 1683 1205 1703 ιι
1233 1667 1262 1706 11
1283 1678 1310 1718 y
1330 1678 1384 1705 eu
1409 1677 1434 1704 a
1452 1665 1674 1716 beaucoup

105 1735 329 1789 (1·6666165,
353 1736 458 1776 mais
478 1748 558 1788 peu
579 1734 724 1775 d’elus.
746 1733 909 1787 (ΜατίΙι.
932 1746 1002 1782 XX,
1026 1733 1108 1786 10.)
1133 1749 1151 1768 »

158 1803 199 1842 3⁰
219 1803 361 1842 Pom'r.
383 1824 436 1830 —
459 1818 478 1838 «
499 1800 712 1840 Plusieurs
742 1804 838 1839 sont
870 1799 1039 1852 6666165
1060 1814 1078 1836 »
1117 1800 1141 1837 6
1172 1798 1213 1837 16
1244 1798 1302 1836 foi
1333 1799 1374 1836 et
1406 1798 1429 1834 6
1458 1795 1497 1834 16
1529 1795 1673 1846 grace,

105 1882 124 1904 α
148 1879 231 1920 666
251 1871 344 1906 sont
365 1866 454 1906 elus
475 1882 495 1902 »
519 1878 572 1906 au
593 1877 796 1917 royuume
816 1868 859 1905 61
877 1867 900 1903 {a
917 1864 957 1904 16
979 1864 1127 1916 gleire.
1160 1864 1253 1903 Ceci
1285 1866 1347 1902 651
1381 1861 1467 1900 vrai
1498 1860 1549 1900 de
1584 1862 1677 1899 tout

105 1936 189 1972 etat
208 1935 250 1972 61
270 1932 321 1971 (16
340 1935 456 1971 toute
476 1931 688 1970 condition
711 1931 847 1983 parmi
867 1929 925 1969 les
943 1930 1151 1969 hommes.
1174 1929 1262 1968 Elle
1295 1932 1355 1967 651
1387 1926 1495 1966 (1066
1528 1924 1675 1964 formi-

104 1997 226 2037 dable
264 1997 307 2036 16
333 2000 529 2036 sentence
561 1996 635 2048 qui
666 1995 833 2035 conclut
864 2000 929 2035 cet
959 1994 1179 2045 Evangile.
1215 1993 1305 2033 Elle
1334 1992 1529 2044 imprime
1567 1991 1673 2030 dans

105 2065 243 2103 tontes
261 2062 320 2102 165
340 2063 453 2102 ames
472 2062 513 2101 16
534 2064 711 2111 terreur,
732 2062 817 2101 6116
838 2061 932 2101 (1’66
952 2061 1057 2100 faire
1078 2060 1326 2112 disparuitre
1347 2058 1535 2097 l’erreur.

522 161 735 194 munem!
761 159 816 191 nn
842 159 893 189 LA
920 149 1241 189 sum-umesutss.

106 2211 283 2257 Brigittae,
304 2222 337 2247 c.
360 2222 447 2254 xxx,
470 2211 644 2258 legimus,
666 2210 866 2256 quemdam

104 2259 254 2295 fratrem
270 2259 409 2295 laicum
424 2264 459 2295 61
479 2259 692 2304 simplicem
707 2258 786 2304 (qui
803 2268 867 2304 per

104 2307 265 2353 56611616
296 2307 449 2342 triennii
481 2306 712 2352 gravissimis
748 2306 866 2342 fuerat

102 2352 303 2391 afflictatus
358 2355 574 2398 doloribus,
632 2358 868 2400 putrescente

105 2402 212 2449 pede,
231 2406 266 2448 61
289 2402 383 2438 611111
410 2402 513 2438 aliud
541 2402 580 2437 in
605 2412 669 2437 oro
691 2400 867 2437 habuerat

105 2459 216 2496 quam
238 2450 335 2485 istud
352 2459 382 2486 2«
406 2450 508 2494 Jesu,
530 2449 707 2485 miserere
727 2449 832 2492 mei),
848 2464 862 2482 1-

106 2497 256 2534 1666616
277 2497 437 2534 feliciter
456 2502 490 2533 et
510 2507 598 2533 cum
624 2496 867 2539 exultatione,

105 2544 228 2581 media
258 2550 381 2588 60616,
420 2545 459 2580 16
499 2543 675 2580 manibus
711 2544 868 2580 fratrum

106 2591 325 2629 defunctum
354 2592 481 2628 fuisse.
524 2593 707 2638 Sequente
744 2596 870 2628 autem

107 2638 311 2683 dominica,
331 2650 419 2676 cum
445 2644 574 2676 sancta
601 2639 751 2686 Brigitta
782 2649 869 2675 ora-

111 2690 164 2740 ret
200 2690 235 2723 et
267 2687 304 2723 id
344 2688 564 2730 ruminaret,
587 2691 690 2734 rapta
728 2687 797 2723 fuit
829 2687 870 2722 in

110 2734 256 2779 spiritu,
288 2738 323 2771 61
359 2735 531 2771 audivit:
554 2750 567 2767 «
592 2736 622 2771 Ο
658 2734 750 2778 lilia,
783 2735 870 2780 quia

113 2779 261 2818 Domini
292 2787 327 2818 61
364 2782 531 2830 Magistri
562 2783 609 2818 ad
641 2792 703 2818 me
734 2782 871 2818 nolunt

111 2827 238 2881 yenire
275 2828 458 2875 humiles,
492 2830 577 2866 ideo
615 2839 799 2876 pauperes
834 2834 870 2866 et

111 2875 246 2911 idiotas
271 2876 414 2923 colligo'
437 2887 596 2923 regnum
628 2878 825 2914 coelorum.
850 2892 864 2910 »

111 2921 230 2959 Ν6160
260 2932 348 2977 ergo
377 2929 591 2970 praesumat,
623 2934 737 2961 nemo
774 2925 869 2961 6116-

113 2978 195 3006 rum
214 2970 407 3018 despiciat,
427 2981 539 3009 nemo
559 2972 717 3018 judicet,
737 2982 871 3008 omnes
887 3004 894 3014 ,

906 2210 1039 2246 sintin
1073 2209 1194 2246 066115
1226 2209 1303 2244 5615
1336 2208 1453 2254 parvi,
1481 2207 1511 2242 si
1547 2206 1675 2252 magni

906 2268 986 2294 csse
1007 2258 1165 2303 cupiunt
1199 2257 1238 2292 iu
1259 2256 1380 2292 oculis
1416 2255 1494 2298 Dei,
1516 2255 1568 2290 ibi
1599 2264 1676 2291 ser-

908 2316 973 2342 vus
1011 2306 1228 2347 Dominum,
1263 2304 1314 2340 ibi
1353 2303 1492 2339 ancilla
1528 2303 1674 2346 heram,

907 2353 958 2389 ibi
983 2353 1193 2398 discipulus
1220 2352 1455 2397 magistrum,
1478 2350 1528 2386 ibi
1550 2349 1676 2396 proles

908 2406 1116 2447 parentem,
1139 2400 1189 2435 ibi
1218 2399 1395 2445 ignobilis
1416 2398 1598 2440 nobilem,
1621 2396 1676 2434 ibi

909 2449 1086 2494 ignorans
1106 2448 1331 2494 5661661661,
1351 2446 1401 2482 ibi
1423 2456 1563 2491 pauper
1583 2444 1676 2482 divi-

908 2501 983 2532 tem
1003 2501 1037 2531 61
1061 2496 1284 2531 honoratum
1315 2494 1512 2540 praecedet.
1535 2493 1673 2537 Immo,

909 2548 946 2580 ut
969 2543 1049 2580 haec
1068 2543 1262 2579 concludit
1290 2541 1465 2588 parabola
1490 2551 1498 2576 :
1527 2553 1540 2571 u
1565 2539 1676 2576 Multi

908 2596 996 2628 5661
1018 2591 1151 2635 vocali,
1172 2590 1281 2636 pauci
1305 2600 1389 2624 vcro
1410 2588 1532 2624 electi.
1552 2602 1566 2620 υ

960 2654 972 2670 ‹=
999 2638 1105 2675 Multi
1126 2639 1246 2674 vocati
1272 2652 1284 2667 υ
1308 2637 1354 2672 ad
1377 2636 1493 2671 linem
1518 2639 1554 2671 et
1586 2646 1675 2682 gra-

909 2686 1014 2730 tiam,
1039 2701 1051 2717 ‹·
1078 2686 1187 2731 pauci
1215 2685 1323 2721 electi
1346 2700 1359 2716 »
1384 2684 1430 2718 ad
1459 2693 1618 2730 regnum
1637 2686 1679 2720 61

908 2734 1087 2780 gloriam
1110 2733 1208 2779 quod
1223 2732 1372 2778 quidem
1388 2731 1435 2766 de
1449 2731 1555 2767 omni
1575 2735 1676 2768 statu

909 2786 943 2817 et
969 2781 1186 2817 conditione
1220 2779 1419 2815 hominum
1442 2789 1569 2815 verum
1603 2782 1675 2818 651.

911 2828 1174 2865 Formidabilis
1204 2837 1292 2873 ergo
1328 2827 1517 2863 sententia
1548 2826 1676 2864 Evan-

908 2876 1049 2922 gelium
1089 2875 1159 2910 boc
1198 2874 1447 2910 concludens.
1477 2874 1675 2912 Terrorem

909 2924 973 2959 illa
991 2922 1171 2959 omnibus
1190 2922 1340 2966 incutit,
1355 2926 1395 2957 ut
1411 2931 1577 2959 errorem
1595 2931 1678 2959 om-

911 2971 1022 3007 nibus
1041 2970 1217 3006 excutiat.
