1858 3146
205 135 285 177 362

206 222 258 264 de
277 235 353 263 son
373 224 595 274 eouehant,
617 229 661 267 et
679 226 780 279 qu’il
801 239 854 267 va
872 228 961 268 etre
983 227 1136 270 eclaire
1153 241 1231 281 par
1250 229 1453 271 l’horizon
1474 231 1774 275 eterneld'une

206 286 385 331 lumiere
404 301 501 331 sans
518 289 594 330 fin.

259 353 452 394 D’autres
470 355 598 395 saints
629 357 739 396 aussi
770 361 845 398 ont
872 357 991 397 imite
1023 359 1389 412 Notre·Seigneur
1428 361 1704 402 Jesus-Christ
1735 365 1778 403 61,

206 416 318 462 saint
329 418 449 468 Paul,
462 432 539 460 son
554 421 762 462 excellent
775 422 960 474 disciple,
976 434 1028 463 en
1043 423 1176 465 allant
1191 426 1216 463 ὲ
1228 425 1269 465 la
1282 429 1393 465 mort
1404 437 1506 466 avec
1514 426 1600 477 joie
1611 439 1777 468 comme

204 482 233 523 ὲ
250 495 310 523 1111
329 483 452 524 festin
474 485 526 524 de
545 498 684 525 noces.
707 487 768 526 On
787 486 828 527 le
847 487 936 528 voit
968 500 1021 528 en
1053 488 1162 528 saint
1193 490 1348 540 Ignace
1379 494 1557 542 martyr,
1591 491 1778 532 ecrivant

205 558 292 591 aux
311 548 591 600 Magnessam,
611 563 666 591 au
688 551 798 602 sujet
817 552 874 591 du
895 555 1082 604 martyre
1103 552 1207 606 qu’il
1225 554 1344 595 allait
1362 555 1528 595 hiemet
1540 556 1672 606 subir,
1692 569 1777 598 une

202 611 328 654 lettre
366 614 438 665 qui
477 619 643 655 mentre
686 619 896 658 comment
941 630 988 657 ce
1033 619 1169 670 grand
1213 619 1324 660 saint
1354 620 1524 661 desirait
1565 633 1609 661 se
1658 624 1774 663 trou-

203 689 279 719 ver
297 690 350 720 en
374 681 569 730 presence
596 681 668 720 des
699 681 807 721 lions
841 683 1048 735 auxquels
1080 684 1109 723 il
1144 685 1248 725 etait
1278 686 1372 737 pret
1401 687 1427 724 ὲ,
1458 686 1588 725 servir
1618 685 1669 726 de
1699 687 1774 739 pe·

202 744 314 791 ture,
336 744 395 783 les
414 745 572 784 exciter
591 745 676 784 afin
697 745 828 786 d²etre
849 747 1001 788 devere
1021 752 1062 789 et
1079 748 1210 801 broye
1228 762 1325 789 sous
1343 750 1455 790 leurs
1474 749 1595 791 dents
1613 762 1777 792 comme

203 806 242 847 le
262 807 448 848 frement
467 809 518 849 de
536 810 833 850 Jesus-Christ.
855 813 966 852 Avec
985 813 1124 865 quelle
1144 815 1292 855 ardent
1313 827 1463 855 amour
1495 815 1526 855 il
1551 816 1704 867 parlait
1723 816 1776 858 de

203 884 250 912 66
282 874 404 924 sujet,
439 886 600 915 comme
636 877 765 916 Notre
781 899 797 907 -
816 877 1025 930 Seigneur
1061 879 1216 931 pai-leit
1246 880 1298 921 de
1337 893 1382 921 sa
1420 883 1531 921 mort
1563 881 1636 934 qui
1672 881 1776 923 etait

201 937 372 989 proche.

256 1004 325 1041 2¹⁰⁰
345 1003 487 1043 Pom‘r.
509 1027 562 1032 —
585 1007 644 1045 La
676 1006 852 1046 seconde
884 1007 1039 1056 raison,
1062 1021 1169 1060 pour
1196 1009 1378 1062 laquelle
1411 1010 1775 1062 Notre-Seigneur

200 1067 354 1119 parlait
373 1067 407 1107 si
425 1073 603 1108 souvent
615 1070 667 1110 de
682 1083 727 1110 sa
741 1071 926 1120 Passion,
945 1077 1008 1112 est
1027 1073 1132 1113 tiree
1146 1074 1202 1114 du
1223 1076 1312 1114 cete
1329 1075 1400 1115 des
1414 1075 1620 1128 disciples.
1639 1077 1661 1117 J
1666 1078 1777 1116 esus-

203 1130 343 1171 Christ
362 1144 411 1172 en
433 1133 532 1174 effet
552 1135 691 1174 demit
711 1139 889 1188 souvent
909 1136 968 1176 les
981 1137 1180 1178 instruire
1197 1139 1248 1179 de
1262 1152 1307 1180 ce
1323 1141 1520 1190 mystere‚
1536 1140 1575 1180 le
1594 1141 1776 1192 premier

202 1195 255 1240 de
277 1199 384 1246 tous,
408 1202 450 1237 et
469 1211 515 1238 ce
547 1199 654 1240 n'est
673 1199 798 1252 qu’en
831 1213 883 1242 en
918 1202 1072 1243 faisant
1110 1203 1420 1256 frequemment
1451 1205 1642 1244 mention
1673 1205 1777 1258 qu'il

202 1262 377 1313 pouvait
396 1263 457 1303 les
475 1264 662 1316 disposer
694 1278 777 1318 peu
796 1268 821 1306 a
850 1279 932 1319 peu
964 1269 989 1307 ὁ,
1015 1267 1053 1308 16
1086 1269 1377 1320 comprendre.
1412 1269 1775 1322 Notre-Seigneur

201 1328 422 1379 prevoyait
442 1341 494 1368 en
515 1331 652 1370 meme
673 1335 808 1383 temps
829 1344 910 1385 que
930 1333 1042 1373 leurs
1073 1345 1208 1373 eoeurs
1229 1334 1409 1374 seruient
1428 1335 1615 1375 troubles
1646 1335 1698 1376 de
1728 1347 1775 1376 su.

202 1391 392 1442 Pession,
409 1393 520 1432 aussi
541 1394 600 1434 les
619 1396 974 1447 premunissait-il
993 1400 1034 1438 et
1054 1396 1113 1437 les
1132 1399 1415 1439 avertissait-il
1429 1411 1481 1439 en
1497 1400 1588 1440 leur
1607 1399 1775 1452 pax-lant

201 1460 382 1496 souveut
401 1457 452 1498 de
472 1471 516 1497 sa
538 1459 709 1499 Passion
728 1464 768 1500 et
790 1461 841 1500 de
870 1474 915 1501 sa
934 1462 1213 1504 resurrection
1245 1465 1315 1516 qui
1337 1464 1476 1504 devait
1494 1465 1654 1505 arriver
1670 1465 1774 1506 trois

197 1520 317 1573 jours
337 1523 472 1573 apres,
493 1524 578 1563 afin
599 1525 650 1564 de
672 1525 731 1566 les
751 1527 974 1577 empeeher
993 1527 1044 1567 de
1065 1528 1248 1568 defaillir
1273 1529 1383 1568 alors
1410 1533 1452 1569 et
1471 1530 1603 1570 d’etre
1622 1529 1772 1570 ebran-

201 1585 263 1627 tes
283 1598 359 1638 par
378 1587 417 1627 16
437 1589 634 1628 souvenir
653 1589 726 1630 des
745 1591 909 1641 paroles
929 1592 1033 1644 qu’il
1053 1592 1144 1633 leur
1158 1593 1270 1633 avait
1290 1597 1384 1634 tant
1398 1595 1448 1634 de
1469 1594 1549 1634 fois
1567 1597 1771 1647 repeteeS,

202 1662 255 1692 en
276 1651 368 1692 leur
387 1657 631 1705 annoneant
650 1654 709 1696 les
729 1656 984 1698 souffrances
1004 1658 1055 1698 de
1074 1671 1119 1698 sa
1146 1659 1315 1699 Pession
1344 1662 1386 1698 et
1414 1659 1455 1699 la
1483 1660 1616 1711 gleire
1645 1660 1697 1701 de
1727 1653 1773 1702 sa

201 1717 497 1758 resurrection.
521 1720 599 1759 Car
619 1719 678 1761 les
699 1722 965 1773 mauxqu'on
986 1734 1012 1762 a
1032 1726 1183 1774 prevus
1199 1724 1288 1763 font
1303 1724 1439 1763 moins
1460 1724 1771 1777 d'impression‚

202 1784 244 1822 61
262 1781 452 1823 l'attente
472 1785 655 1824 certaine
677 1785 728 1826 de
748 1786 789 1825 la
808 1788 1087 1827 resurrection
1108 1788 1164 1827 du
1185 1788 1376 1828 Sauveur
1407 1789 1578 1841 pouvait
1610 1791 1771 1843 tempe-

200 1857 270 1889 rer
288 1846 329 1888 la
349 1848 530 1888 tristasse
550 1861 634 1901 que
657 1850 798 1890 devait
829 1852 921 1892 leur
953 1864 1098 1893 causer
1129 1865 1174 1892 sa
1200 1854 1386 1894 Passion.
1422 1853 1530 1894 C'est
1561 1854 1603 1894 la
1632 1854 1772 1897 raison

202 1941 1773 1966 ——--——-—--——--——-·———-——-——-—--‚

202 2010 242 2036 se
279 2010 535 2046 emersurum;
570 2008 605 2038 et
635 2007 820 2040 aeternum
861 2004 965 2041 hori-

202 2053 350 2085 zontem
372 2055 604 2095 perennante
625 2050 709 2088 luce
737 2062 776 2089 se
798 2053 965 2090 illustra-

629 147 678 178 n:
707 148 910 181 affletur„
938 149 1012 180 mas
1043 141 1360 182 rafinicffsms.

1005 2006 1050 2042 de
1073 2007 1246 2052 passione
1266 2007 1334 2043 fuit
1361 2018 1405 2043 cx
1436 2011 1539 2054 parte
1559 2007 1770 2055 discipulo·

1006 2064 1103 2090 rum.
1129 2055 1173 2091 111
1198 2055 1301 2092 enim
1320 2066 1342 2091 a
1362 2055 1508 2093 Christo
1536 2055 1669 2094 crebre
1689 2056 1771 2094 ins-

203 2099 344 2133 turum,

250 2143 440 2181 Christum
482 2145 684 2183 Dominum
728 2152 763 2183 et
809 2147 965 2186 Paulum

202 2190 285 2237 ejus
321 2191 550 2245 discipulum
603 2194 785 2231 eximium
832 2195 965 2233 imitati

202 2242 289 2277 sunt
310 2243 346 2276 et
364 2239 427 2277 alit
458 2240 594 2284 sancti,
614 2242 661 2278 ad
683 2247 842 2281 mortem
877 2255 964 2290 pro-

200 2290 376 2333 perantes
395 2297 481 2324 cum
511 2289 660 2334 gaudio.
683 2290 789 2335 quusi
823 2291 869 2327 nd
891 2291 965 2326 ses-

202 2333 321 2372 1116111
359 2334 513 2381 epulum
553 2335 711 2373 invitati.
737 2340 873 2374 Notum
911 2343 966 2375 est

201 2380 249 2419 de
269 2386 400 2418 sancto
432 2382 591 2428 Ignauia,
614 2390 774 2430 martyre
805 2386 851 2421 ad
886 2386 964 2423 Ma-

201 2428 405 2476 gnesianos
432 2429 619 2469 scribente
639 2432 685 2468 (16
710 2432 874 2470 instante
894 2433 966 2470 sibi

201 2477 405 2524 maruli-im
426 2482 461 2513 et
493 2479 682 2524 quomodo
713 2479 833 2517 obviis
866 2481 966 2518 uinis

201 2523 406 2571 animoque
447 2524 639 2563 iustissimo
673 2527 846 2565 iconibus
879 2529 965 2574 qui-

202 2570 273 2610 bus
296 2572 342 2609 ad
375 2582 499 2610 eseam
533 2578 611 2611 erut
643 2580 807 2621 paratus,
829 2586 964 2613 occur-

201 2629 284 2659 rere
314 2619 562 2666 desiderabat,
591 2631 729 2669 eosque
761 2633 892 2668 urgere
928 2628 966 2661 ut

201 2666 456 2712 devoraretur,
477 2672 508 2704 et
532 2679 663 2708 eorum
690 2669 867 2708 dentibus
888 2675 966 2708 tan-

201 2724 315 2761 quam
336 2715 473 2756 Christi
503 2716 733 2757 frumentum
754 2717 964 2756 commota-

202 2766 317 2801 retur.
334 2764 363 2797 0
384 2767 525 2809 quatita
545 2773 632 2802 cuin
651 2765 794 2803 amoris
814 2769 964 2804 namma

203 2808 273 2849 huc
292 2809 339 2847 (16
359 2820 399 2847 re
418 2810 652 2857 loquebatur.
674 2813 771 2851 sicut
790 2818 825 2852 et
845 2813 965 2852 Chris-

201 2860 262 2896 tus
279 2856 467 2940 'Dominus
484 2859 532 2898 (16
551 2859 716 2900 instante
740 2861 818 2907 jam
846 2866 965 2901 morte

200 2913 269 2942 suu

248 2951 420 2993 secunda
440 2952 535 2995 rau'o
551 2953 761 3002 nequount·
779 2955 966 2998 sermoni·

1006 2102 1154 2139 truendi
1174 2107 1280 2139 erunt
1304 2103 1350 2140 (16
1372 2103 1442 2140 1106
1463 2103 1656 2149 mysterio,
1670 2102 1771 2150 quod

1005 2150 1178 2187 omnium
1206 2150 1427 2196 primarium
1457 2155 1556 2195 erat;
1579 2155 1615 2188 et
1634 2150 1767 2197 paula-

1006 2197 1071 2236 tim
1093 2197 1243 2244 disponi
1273 2197 1459 2235 debebant
1483 2198 1530 2235 ad
1562 2197 1642 2244 ejus
1676 2207 1768 2244 cup-

1005 2249 1106 2289 tum,
1146 2246 1264 2291 ipsius
1307 2245 1500 2283 mentione
1553 2245 1769 2291 frequenter

1007 2293 1115 2329 tincta.
1137 2292 1257 2329 Simul
1286 2293 1399 2330 etiam
1433 2292 1659 2339 praevidebat
1684 2292 1770 2346 'Do-

1006 2340 1132 2378 minus
1161 2350 1292 2377 eorum
1329 2341 1477 2377 animos
1508 2351 1553 2376 ex
1593 2350 1770 2387 pnsstone

1004 2397 1070 2424 sua
1090 2387 1392 2432 conturbandos3
1422 2387 1505 2425 ideo
1538 2388 1768 2434 praemunie-

1006 2434 1064 2471 11111
1085 2441 1119 2472 61
1142 2435 1396 2482 praemonebat
1410 2446 1472 2472 eos
1492 2445 1591 2481 saepe
1612 2435 1770 2481 repetito

1005 2493 1178 2520 sermone
1198 2483 1245 2521 de
1264 2483 1394 2519 eudem
1416 2483 1604 2530 passione,
1619 2493 1662 2519 ae
1683 2482 1770 2521 sub-

1004 2535 1183 2576 sequente
1198 2534 1279 2577 post
1295 2531 1460 2568 triduum
1480 2530 1769 2577 resurrectione,

1005 2581 1044 2614 ut
1077 2581 1167 2614 tune
1198 2578 1326 2616 animo
1359 2588 1435 2615 non
1469 2578 1770 2623 considerarent,

1005 2634 1074 2662 nec
1086 2625 1247 2662 niuiiuin
1260 2625 1552 2672 percellerentur
1562 2654 1572 2669 .
1582 2635 1771 2663 memores

1004 2673 1190 2710 sermonis
1215 2683 1325 2719 quem
1352 2673 1446 2710 dixit.
1467 2673 1535 2717 eis,
1558 2673 1770 2719 mendicem

1004 2720 1113 2756 toties
1132 2724 1167 2756 et
1189 2721 1374 2766 passionis
1394 2730 1470 2758 suae
1511 2731 1634 2757 mnam
1657 2726 1693 2757 et
1715 2730 1771 2760 re-

1003 2767 1247 2805 surrectionis
1275 2766 1447 2814 gioriam.
1506 2779 1565 2804 nin
1600 2774 1635 2804 et
1671 2767 1770 2807 11161·

1004 2814 1161 2860 praevisa
1182 2814 1308 2852 minus
1336 2814 1489 2859 feriunt,
1510 2819 1545 2853 et
1579 2821 1679 2852 certa
1697 2825 1768 2854 ex-

1004 2862 1164 2908 pectatio
1180 2862 1463 2901 resurrectionis
1477 2867 1684 2917 temperare
1704 2872 1769 2911 po-

1005 2912 1098 2948 teret
1159 2909 1349 2948 tristitiam
1405 2910 1604 2957 passionis.
1663 2913 1770 2950 lim

1002 2966 1155 2996 uuum
1191 2956 1299 2996 affert
1328 2962 1484 2997 sanetus
1516 2959 1768 3005 Hieronymus
