1858 3146
120 224 210 265 n'as
230 222 328 276 pris,
349 222 407 262 toi
428 222 499 275 qui
518 233 660 262 verres
687 220 852 262 bientot
878 233 937 261 un
969 221 1110 261 lari-on
1140 223 1376 274 transpone
1409 233 1461 261 en
1501 220 1688 273 paradis.

122 290 332 330 Personne
352 287 447 327 n'cu
467 285 702 337 8518118185,
723 286 787 326 s’il
810 286 848 326 18
866 289 985 336 veut,
998 286 1221 339 puisqu’un
1241 287 1381 326 lari-on
1402 299 1430 338 y
1449 288 1552 326 aete
1573 297 1688 338 recu.

118 352 238 394 Gelui
256 352 328 404 qui
348 365 373 391 a
392 354 458 392 818
477 355 551 392 ton
582 352 835 392 instrument
861 355 924 390 est
952 351 1032 390 alle
1061 364 1116 391 au
1147 351 1230 391 lieu
1263 351 1361 391 d’ou
1381 355 1426 391 tu
1448 363 1493 391 as
1512 354 1578 391 ete
1606 351 1691 392 toi-

121 419 259 458 meme
277 416 492 469 precipite.
517 432 536 454 n
560 417 771 469 Pourquoi
802 428 855 456 en
888 416 996 456 est-il
1028 416 1161 456 ainsi?
1181 419 1308 456 Parce
1341 416 1443 469 qu’il
1475 418 1685 456 reconnut

119 482 225 522 dans
257 493 328 520 son
348 481 531 534 supplice
550 482 572 522 J
577 481 826 522 esus-Christ
845 493 927 533 quc
944 481 966 521 J
972 480 1072 520 udas
1097 493 1150 521 nc
1176 486 1380 521 reconnut
1399 493 1472 534 pas
1492 481 1681 534 lorsqu’ii

120 547 159 586 le
178 546 377 585 comblait
397 546 446 586 de
465 546 677 586 bicnfaits.
700 546 733 586 Il
750 546 940 586 confessa
968 558 1043 585 son
1072 546 1202 598 peche
1236 548 1261 585 a
1291 546 1397 585 celui
1432 546 1535 598 qu’il
1554 546 1689 586 sava'xt

120 611 301 664 pouvoir
319 611 570 663 pardonner,
583 611 668 651 etit
689 611 749 651 vit
769 622 820 650 en
841 611 969 663 esprit
988 623 1060 650 sur
1080 611 1270 650 l’infaine
1292 611 1407 662 gibet
1428 612 1464 650 18
1485 622 1690 663 royaume

117 677 172 716 ‘dc
191 676 294 716 Dieu
316 689 397 729 que
416 677 438 717 J
444 676 546 716 udas
568 688 618 716 ne
638 679 714 728 put
732 676 824 715 voir
844 678 869 715 a
888 676 928 715 la
948 675 1059 716 table
1080 677 1231 715 sainte.

173 744 215 781 2⁸
234 742 378 782 PomT.
400 764 452 770 —
472 741 573 780 Mais
611 753 768 793 voyons
806 741 846 780 la
885 743 1063 793 repense
1096 752 1179 793 que
1209 740 1257 779 fit
1296 741 1453 788 Pierre,
1485 740 1583 780 chef
1617 740 1690 782 dm

122 808 311 859 ApotreS,
335 808 500 858 lorsque
520 806 803 846 Jesus-Christ
823 806 913 844 vint
934 806 993 845 lui
1015 807 1130 845 laver
1161 806 1219 845 les
1248 806 1365 858 pieds
1389 817 1397 844 :
1423 822 1441 841 ιι
1466 805 1692 857 Seigneur,

121 870 183 912 lui
201 872 322 918 dit-il,
335 883 437 911 vous
454 883 520 911 me
539 871 718 911 laveriez
732 872 790 911 les
810 871 953 923 pieds?
975 887 995 907 »
1022 871 1160 911 Pierre
1176 874 1237 911 est
1257 871 1360 910 dans
1376 871 1691 918 t’etonnement,

122 948 176 976 on
198 936 462 976 considerant
481 935 578 975 d’un
597 937 688 975 cote
721 948 795 975 son
829 937 1055 988 indignite,
1078 940 1121 976 et
1152 936 1202 975 118
1240 935 1389 974 1’81111·8
1424 936 1462 975 18
1494 947 1606 987 rang
1637 935 1694 975 du

123 1002 327 1049 Sauveur,
351 1001 423 1054 qui
441 1001 546 1041 dans
564 1013 648 1041 nne
668 1001 790 1041 chose
811 1001 921 1041 aussi
942 1001 1023 1041 vile
1044 1001 1183 1040 donne
1207 1014 1261 1040 un
1279 1001 1470 1052 exemplo
1491 1001 1526 1040 si
1546 1003 1689 1040 extra-

120 1065 332 1106 ordinaire
353 1066 604 1106 d'humilite.
627 1066 734 1107 C’est
754 1078 838 1106 une
859 1078 1032 1119 marque
1054 1066 1103 1105 de
1129 1066 1241 1118 piete
1273 1078 1353 1118 quc
1383 1066 1514 1105 d'etre
1548 1065 1695 1118 frappe

115 1130 437 1171 d'etonnement
457 1131 611 1171 devant
632 1132 690 1171 les
709 1143 873 1171 oeuvres
894 1132 943 1171 de
964 1132 1067 1171 Dieu
1101 1134 1143 1170 et
1175 1131 1225 1170 de
1257 1131 1317 1170 les
1350 1131 1548 1170 admirer.
1573 1130 1692 1170 Ainsi

121 1195 251 1238 Moisc
274 1196 336 1236 fut
355 1197 503 1249 frappe
523 1196 852 1249 d’etonnement,
867 1209 919 1236 811
934 1196 1168 1236 entendant
1187 1196 1225 1235 18
1245 1196 1454 1247 Seigneur
1474 1195 1534 1235 lui
1555 1193 1695 1247 parler

115 1260 180 1306 ‚du
199 1261 366 1301 buisson
389 1262 536 1302 ardent
555 1262 659 1314 qu’il
677 1261 821 1302 venuit
841 1261 1139 1314 d'apercevoir.
1162 1260 1275 1301 Ainsi
1305 1260 1433 1300 Jacob
1454 1260 1517 1300 fut
1537 1260 1697 1312 effrayss

123 1327 243 1378 apres
263 1338 334 1366 son
356 1327 484 1366 revcil
505 1327 656 1367 devant
677 1327 718 1366 la
736 1327 872 1367 vision
894 1327 944 1366 de
967 1326 1152 1366 l’echelle
1175 1329 1215 1365 et
1236 1326 1382 1365 s’eeria
1409 1324 1523 1377 (Gen.
1544 1335 1692 1373 xxvuz,

122 1390 188 1443 17)
213 1402 221 1430 :
250 1407 269 1428 «
291 1392 379 1439 Que
397 1404 443 1431 ce
464 1392 547 1431 lieu
568 1395 628 1432 est
644 1392 837 1432 terriblel
862 1407 881 1428 »
906 1392 1098 1431 Habacuc
1130 1391 1309 1431 s'ecriait
1340 1390 1513 1443 (Hebae.
1538 1401 1598 1439 111,
1619 1390 1658 1443 2)
1684 1401 1694 1430 ε

119 1470 146 1491 .«
168 1455 392 1507 Seigneur,
410 1457 484 1508 j’ai
505 1458 722 1497 considere
741 1470 814 1497 vos
834 1469 997 1497 oeuvres
1017 1462 1058 1496 et
1078 1456 1149 1508 j’ai
1171 1459 1238 1496 818
1259 1456 1355 1496 saisi
1388 1457 1439 1496 de
1474 1456 1650 1496 crainte.
1668 1468 1692 1494 1)

74 1568 76 1570 q
122 1520 245 1560 Saint
262 1521 579 1573 Jean-Baptiste
599 1527 660 1562 est
681 1525 772 1562 tout
792 1525 1068 1571 etonue,tant
1099 1522 1202 1562 etaim
1237 1521 1373 1573 grand
1404 1533 1479 1560 son
1516 1523 1694 1573 respect,

116 1596 172 1626 on
191 1589 349 1638 voyant
369 1586 405 1625 18
427 1587 620 1627 Sauveur
651 1591 808 1626 venant
837 1599 880 1626 se
912 1587 1016 1626 faire
1038 1587 1236 1638 baptisar,
1258 1591 1300 1625 et
1332 1586 1362 1625 il
1395 1586 1536 1625 refusa
1567 1585 1618 1625 de
1654 1585 1694 1624 18

118 1650 236 1690 laver
254 1654 296 1690 et
314 1651 364 1691 de
385 1651 423 1691 18
441 1651 705 1704 baptiser,‹=n
726 1652 785 1691 lui
806 1652 944 1691 disant
959 1651 1121 1703 (itlattli.
1145 1662 1209 1698 111,
1235 1650 1298 1703 14)
1323 1662 1333 1690 :
1360 1667 1379 1686 «
1395 1650 1503 1690 C'est
1518 1649 1604 1689 moi
1620 1650 1696 1703 qui

121 1714 210 1754 dois
247 1715 334 1756 8118
366 1716 526 1769 baptise
546 1729 622 1769 par
642 1729 758 1765 vous,
782 1720 823 1756 et
844 1729 946 1756 vous
966 1728 1096 1756 venez
1129 1719 1153 1755 a
1182 1716 1292 1755 moil
1314 1729 1333 1752 n
1359 1715 1466 1755 C’cst
1499 1715 1536 1755 18
1556 1715 1695 1755 meme

122 1780 254 1832 esprit
273 1784 314 1821 et
333 1781 372 1821 18
393 1782 528 1821 meme
549 1785 707 1834 respect
738 1782 810 1834 qui
842 1782 968 1821 flrent
997 1782 1160 1820 refuser
1190 1784 1215 1820 a
1248 1782 1358 1820 saint
1390 1781 1533 1820 Pierre
1566 1780 1617 1819 de
1643 1791 1688 1821 se

123 1844 268 1885 laisser
287 1845 402 1885 laver
423 1858 499 1898 par
531 1858 606 1885 son
640 1847 809 1896 maitre,
839 1859 891 1886 en
924 1846 983 1886 lui
1015 1846 1156 1886 disant
1178 1858 1187 1884 ε
1212 1861 1231 1881 ιι
1257 1846 1481 1896 Seigucur,
1504 1856 1608 1884 vous
1627 1855 1696 1884 me

726 143 775 172 1.ss
801 142 918 173 mum
942 143 1081 174 summ.

124 1999 348 2044 Apostolum
370 1999 609 2036 subtraxeras
629 2001 788 2037 Christo.
805 2001 891 2036 Plus

124 2046 287 2082 amisisti
305 2057 415 2093 quam
439 2048 638 2091 sustulisti,
677 2049 739 2095 qui
773 2048 890 2084 latro-

125 2104 214 2130 nem
265 2094 305 2131 in
356 2095 572 2141 paradisum
618 2096 722 2132 vides
765 2100 892 2142 postea

125 2141 363 2178 translatum.
405 2142 523 2180 Nemo
572 2148 625 2179 est
674 2144 737 2190 qui
776 2144 891 2190 possit

126 2189 293 2233 excludi,
324 2190 354 2225 si
381 2190 554 2232 voluerit,
587 2191 889 2237 quandoquidem

124 2241 297 2283 receptus
329 2242 384 2273 851
411 2237 516 2274 latro.
541 2238 711 2275 Minister
732 2243 817 2275 tuus
848 2250 891 2275 80

124 2285 312 2330 pervenit,
333 2285 433 2321 unde
466 2285 545 2332 ipse
575 2286 744 2331 dejectus
764 2291 832 2323 est.
873 2302 886 2319 1»

125 2331 222 2375 Quid
251 2332 326 2368 ita?
354 2333 442 2379 quia
461 2333 643 2370 nimirum
663 2334 742 2380 ipse
762 2334 892 2371 Chris-

123 2381 206 2415 tum
227 2380 267 2416 in
286 2390 354 2416 suo
374 2381 525 2426 agnovit
557 2381 758 2428 supplicio,
779 2392 890 2428 quem

123 2426 240 2463 Iudas
261 2438 337 2464 non
357 2428 506 2474 agnovit
529 2429 570 2465 in
590 2429 789 2466 beneficio.
808 2430 893 2466 Pec-

125 2479 252 2510 catum
273 2485 382 2511 suum
415 2476 612 2513 confessus
628 2482 683 2513 851
702 2477 758 2512 illi
779 2487 890 2524 quem

124 2521 267 2558 sciebat
287 2532 394 2568 posse
414 2522 623 2569 ignoscere.
646 2534 804 2571 rognum
827 2525 890 2560 Dei

124 2575 252 2606 mente
271 2570 469 2616 conspexit
489 2571 529 2608 in
550 2572 683 2608 infami
707 2572 889 2619 patibulo.

124 2617 224 2663 quod
243 2617 358 2672 ludas
378 2618 502 2655 videre
523 2629 600 2656 non
626 2620 747 2666 potuit
766 2620 807 2656 in
829 2631 890 2655 sa-

127 2673 193 2701 cro
213 2673 398 2701 convivio.

174 2711 241 2748 Sed
263 2712 471 2758 videamus,
487 2714 577 2760 quid
593 2714 722 2750 Petrus
742 2715 891 2761 Aposto-

125 2756 251 2794 lorum
276 2760 507 2807 corypheus,
539 2762 586 2797 ad
618 2772 730 2808 quem
760 2762 891 2798 lavan-

126 2804 219 2841 dum
249 2806 372 2852 primo
398 2809 558 2845 accessit
594 2809 777 2854 Christus,
813 2820 891 2845 res-

124 2853 332 2934 ponderit:
365 2855 537 2900 Domine,
567 2856 703 2902 inquit,
726 2861 764 2893 111
797 2857 892 2892 mihi

128 2909 229 2954 ‘aves
248 2900 390 2946 pedes?
409 2902 504 2939 Hinc
524 2913 630 2939 suam
646 2904 891 2940 considerans

124 2947 405 2996 indignitatem,
425 2949 549 2996 illinc,
571 2950 723 2988 Domini
754 2951 891 2999 digna-

930 2001 1087 2043 tionem,
1135 2005 1170 2036 81
1218 2000 1427 2036 inauditum
1475 1997 1699 2034 humilitatis

930 2048 1147 2095 exemplum
1182 2048 1220 2083 in
1253 2048 1345 2082 adeo
1377 2046 1438 2082 vili
1472 2045 1697 2091 miniStcrio,

930 2097 1077 2142 expavit
1098 2096 1239 2132 Petrus.
1264 2095 1406 2140 Nempe
1428 2094 1479 2140 pii
1500 2093 1623 2130 cordis
1643 2092 1699 2130 in-

930 2144 1069 2179 dicium
1093 2148 1160 2187 est,
1177 2143 1220 2178 ad
1243 2153 1355 2188 opera
1371 2142 1434 2177 Dei
1460 2141 1699 2186 obstupesce-

931 2202 982 2233 re,
1033 2196 1067 2227 et
1114 2191 1176 2226 illa
1219 2189 1410 2225 admirari.
1451 2189 1511 2224 Sic
1550 2188 1698 2234 Moyses

930 2238 1160 2284 obstupescit
1196 2238 1241 2272 ad
1275 2237 1458 2272 visionem
1492 2235 1590 2278 rubi,
1627 2245 1699 2272 nec

930 2287 1040 2322 audet
1061 2285 1364 2331 appropinquare
1383 2283 1543 2319 audiens
1566 2283 1697 2319 Domi·-

931 2334 1080 2370 1111111118
1097 2332 1189 2369 rubo
1204 2333 1258 2367 sic
1276 2331 1569 2377 loquentem.Sic
1583 2329 1699 2367 Jacob

930 2386 1170 2427 experrectus
1190 2379 1419 2425 obstupescit
1445 2378 1490 2414 ad
1514 2378 1699 2415 visionem

931 2429 1056 2470 scalae,
1079 2434 1113 2464 et
1134 2428 1315 2463 inclamat
1337 2438 1345 2463 :
1371 2442 1385 2458 u
1409 2427 1528 2470 Quam
1554 2425 1700 2462 terribi-

932 2477 976 2512 lis
996 2481 1050 2512 est
1071 2476 1176 2512 locus
1197 2475 1283 2510 istc!
1311 2489 1325 2506 ι»
1352 2473 1525 2510 ttabacuc
1548 2483 1556 2509 z
1582 2487 1596 2505 «a
1623 2473 1699 2510 Do—

931 2525 1050 2568 mine,
1099 2522 1334 2559 consideravi
1389 2531 1502 2567 opcra
1546 2524 1624 2566 tua,
1663 2523 1701 2557 81

930 2571 1077 2616 expavi,
1098 2575 1169 2606 818.
1195 2586 1208 2603 >2
1234 2570 1294 2605 Sic
1317 2569 1479 2615 Baptista
1509 2571 1610 2605 totus
1639 2572 1699 2605 at-

931 2619 1074 2654 tonitus
1106 2623 1160 2653 cst
1197 2628 1242 2653 ex
1277 2616 1495 2658 reverentia,
1541 2616 1701 2653 Domino

930 2667 975 2702 ad
997 2675 1108 2701 suum
1130 2664 1372 2711 baptisimum
1403 2663 1630 2707 accedente;
1663 2667 1700 2700 81

930 2714 1110 2749 detrectat
1143 2722 1229 2748 cum
1265 2712 1387 2748 lavare
1418 2715 1454 2747 81
1493 2710 1696 2757 baptizare,

930 2762 1062 2797 dicens
1084 2770 1093 2797 :
1119 2774 1132 2791 «
1158 2760 1234 2805 Ego
1254 2771 1276 2795 a
1297 2763 1331 2795 tc
1351 2757 1469 2795 debeo
1504 2758 1698 2804 baptizari,

929 2813 966 2844 et
993 2813 1031 2844 tu
1064 2807 1170 2843 venis
1200 2807 1247 2843 ad
1284 2816 1359 2842 me.
1394 2821 1407 2837 »ι
1430 2806 1572 2842 Eodem
1609 2816 1698 2853 ergo

930 2855 1077 2901 spiritu,
1100 2855 1232 2891 cadem
1267 2854 1475 2890 reverentia
1511 2853 1637 2889 renuit
1670 2863 1696 2890 a

931 2903 1106 2948 Magistro
1138 2902 1268 2939 Petrus
1294 2901 1424 2945 lavari,
1444 2905 1480 2938 et
1498 2900 1590 2938 dicit
1611 2910 1620 2937 ι
1641 2900 1699 2938 Tu

930 2950 1024 2987 mihi
1044 2950 1145 2987 lavas
1164 2950 1307 2998 pedes?
1325 2947 1439 2996 Quasi
1466 2948 1605 2987 iterum
1635 2957 1700 2986 re»—
