<?xml version="1.0" encoding="UTF-8"?>
<!DOCTYPE html PUBLIC "-//W3C//DTD XHTML 1.0 Transitional//EN"
    "http://www.w3.org/TR/xhtml1/DTD/xhtml1-transitional.dtd">
<html xmlns="http://www.w3.org/1999/xhtml" xml:lang="en" lang="en">
 <head>
  <title>
</title>
<meta http-equiv="Content-Type" content="text/html;charset=utf-8" />
  <meta name='ocr-system' content='tesseract 3.04.00' />
  <meta name='ocr-capabilities' content='ocr_page ocr_carea ocr_par ocr_line ocrx_word'/>
</head>
<body>
  <div class='ocr_page' id='page_1' title='image "./lerationaldespr02marc_0545.png"; bbox 0 0 1858 3146; ppageno 0'>
   <div class='ocr_carea' id='block_1_1' title="bbox 0 0 22 11">
    <p class='ocr_par' dir='ltr' id='par_1_1' title="bbox 0 0 22 11">
     <span class='ocr_line' id='line_1_1' title="bbox 0 0 22 11; textangle 90"><span class='ocrx_word' id='word_1_1' title='bbox 0 0 22 11; x_wconf 70' lang='lat' dir='ltr'><strong>i</strong></span> 
     </span>
    </p>
   </div>
   <div class='ocr_carea' id='block_1_2' title="bbox 1578 117 1659 160">
    <p class='ocr_par' dir='ltr' id='par_1_2' title="bbox 1578 117 1659 160">
     <span class='ocr_line' id='line_1_2' title="bbox 1578 117 1659 160; baseline 0 -1"><span class='ocrx_word' id='word_1_2' title='bbox 1578 117 1659 160; x_wconf 69' lang='lat'><strong>535</strong></span> 
     </span>
    </p>
   </div>
   <div class='ocr_carea' id='block_1_3' title="bbox 73 203 1658 1556">
    <p class='ocr_par' dir='ltr' id='par_1_3' title="bbox 88 203 1657 324">
     <span class='ocr_line' id='line_1_3' title="bbox 88 203 1657 259; baseline 0.001 -14"><span class='ocrx_word' id='word_1_3' title='bbox 88 214 149 245; x_wconf 74' lang='lat' dir='ltr'><strong>nn</strong></span> <span class='ocrx_word' id='word_1_4' title='bbox 166 215 292 258; x_wconf 77' lang='lat' dir='ltr'><strong>ange,</strong></span> <span class='ocrx_word' id='word_1_5' title='bbox 308 204 415 246; x_wconf 81' lang='lat' dir='ltr'><strong>mais</strong></span> <span class='ocrx_word' id='word_1_6' title='bbox 431 215 530 245; x_wconf 88' lang='lat' dir='ltr'><strong>mon</strong></span> <span class='ocrx_word' id='word_1_7' title='bbox 549 205 634 245; x_wconf 83' lang='lat' dir='ltr'><strong>Fils</strong></span> <span class='ocrx_word' id='word_1_8' title='bbox 646 204 887 254; x_wconf 73' lang='lat' dir='ltr'><strong>bien-aime,</strong></span> <span class='ocrx_word' id='word_1_9' title='bbox 903 218 923 242; x_wconf 68' lang='grc' dir='ltr'><strong>ι)</strong></span> <span class='ocrx_word' id='word_1_10' title='bbox 941 203 1002 244; x_wconf 87' lang='lat' dir='ltr'><strong>dit</strong></span> <span class='ocrx_word' id='word_1_11' title='bbox 1021 204 1128 244; x_wconf 82' lang='lat' dir='ltr'><strong>saint</strong></span> <span class='ocrx_word' id='word_1_12' title='bbox 1147 207 1418 246; x_wconf 78' lang='lat' dir='ltr'><strong>Damascene.</strong></span> <span class='ocrx_word' id='word_1_13' title='bbox 1435 205 1586 259; x_wconf 77' lang='lat' dir='ltr'><strong>(Sem.</strong></span> <span class='ocrx_word' id='word_1_14' title='bbox 1608 204 1657 247; x_wconf 86' lang='lat' dir='ltr'><strong>de</strong></span> 
     </span>
     <span class='ocr_line' id='line_1_4' title="bbox 91 268 314 324; baseline 0 -14"><span class='ocrx_word' id='word_1_15' title='bbox 91 268 314 324; x_wconf 74' lang='lat' dir='ltr'><strong>Transfiq.)</strong></span> 
     </span>
    </p>

    <p class='ocr_par' dir='ltr' id='par_1_4' title="bbox 81 333 1658 959">
     <span class='ocr_line' id='line_1_5' title="bbox 141 333 1657 388; baseline 0.001 -13"><span class='ocrx_word' id='word_1_16' title='bbox 141 337 184 375; x_wconf 77' lang='lat'><strong>2⁰</strong></span> <span class='ocrx_word' id='word_1_17' title='bbox 206 348 226 372; x_wconf 83' lang='lat'>«</span> <span class='ocrx_word' id='word_1_18' title='bbox 245 333 501 375; x_wconf 71' lang='lat' dir='ltr'><strong>Bion-nime.</strong></span> <span class='ocrx_word' id='word_1_19' title='bbox 524 350 543 371; x_wconf 73' lang='lat' dir='ltr'><strong>n</strong></span> <span class='ocrx_word' id='word_1_20' title='bbox 577 337 633 375; x_wconf 90' lang='lat' dir='ltr'><strong>Le</strong></span> <span class='ocrx_word' id='word_1_21' title='bbox 660 337 775 375; x_wconf 73' lang='lat' dir='ltr'><strong>texte</strong></span> <span class='ocrx_word' id='word_1_22' title='bbox 806 345 906 386; x_wconf 74' lang='lat' dir='ltr'><strong>grec</strong></span> <span class='ocrx_word' id='word_1_23' title='bbox 926 339 1044 386; x_wconf 80' lang='lat' dir='ltr'><strong>porte</strong></span> <span class='ocrx_word' id='word_1_24' title='bbox 1065 346 1076 373; x_wconf 72' lang='grc' dir='ltr'><strong><em>ε</em></strong></span> <span class='ocrx_word' id='word_1_25' title='bbox 1099 334 1280 374; x_wconf 80' lang='lat' dir='ltr'><strong>aimable</strong></span> <span class='ocrx_word' id='word_1_26' title='bbox 1311 347 1366 375; x_wconf 90' lang='lat' dir='ltr'><strong>ou</strong></span> <span class='ocrx_word' id='word_1_27' title='bbox 1405 336 1535 388; x_wconf 86' lang='lat' dir='ltr'><strong>digne</strong></span> <span class='ocrx_word' id='word_1_28' title='bbox 1566 337 1657 377; x_wconf 79' lang='grc' dir='ltr'><strong>(Ιά-</strong></span> 
     </span>
     <span class='ocr_line' id='line_1_6' title="bbox 88 398 1658 452; baseline 0.001 -12"><span class='ocrx_word' id='word_1_29' title='bbox 88 410 230 448; x_wconf 87' lang='lat' dir='ltr'><strong>mour,</strong></span> <span class='ocrx_word' id='word_1_30' title='bbox 245 399 361 439; x_wconf 78' lang='lat' dir='ltr'><strong>cheri</strong></span> <span class='ocrx_word' id='word_1_31' title='bbox 380 403 422 439; x_wconf 87' lang='lat' dir='ltr'><strong>et</strong></span> <span class='ocrx_word' id='word_1_32' title='bbox 440 399 686 450; x_wconf 80' lang='lat' dir='ltr'><strong>bien-aime;</strong></span> <span class='ocrx_word' id='word_1_33' title='bbox 707 400 917 452; x_wconf 87' lang='lat' dir='ltr'><strong>pourquoi</strong></span> <span class='ocrx_word' id='word_1_34' title='bbox 936 411 988 439; x_wconf 93' lang='lat' dir='ltr'><strong>en</strong></span> <span class='ocrx_word' id='word_1_35' title='bbox 1008 398 1116 439; x_wconf 84' lang='lat' dir='ltr'><strong>est-il</strong></span> <span class='ocrx_word' id='word_1_36' title='bbox 1136 399 1273 439; x_wconf 84' lang='lat' dir='ltr'><strong>ainsi?</strong></span> <span class='ocrx_word' id='word_1_37' title='bbox 1288 416 1307 437; x_wconf 92' lang='lat'>«</span> <span class='ocrx_word' id='word_1_38' title='bbox 1323 400 1445 450; x_wconf 88' lang='lat' dir='ltr'><strong>C’est‚</strong></span> <span class='ocrx_word' id='word_1_39' title='bbox 1469 402 1530 442; x_wconf 82' lang='lat' dir='ltr'><strong>dit</strong></span> <span class='ocrx_word' id='word_1_40' title='bbox 1549 402 1658 442; x_wconf 76' lang='lat' dir='ltr'><strong>saint</strong></span> 
     </span>
     <span class='ocr_line' id='line_1_7' title="bbox 85 463 1658 518; baseline 0.001 -13"><span class='ocrx_word' id='word_1_41' title='bbox 85 465 216 512; x_wconf 76' lang='lat' dir='ltr'><strong>Leon,</strong></span> <span class='ocrx_word' id='word_1_42' title='bbox 236 475 337 504; x_wconf 89' lang='lat' dir='ltr'><strong>mon</strong></span> <span class='ocrx_word' id='word_1_43' title='bbox 357 463 422 503; x_wconf 86' lang='lat' dir='ltr'><strong>fils</strong></span> <span class='ocrx_word' id='word_1_44' title='bbox 443 476 525 504; x_wconf 92' lang='lat' dir='ltr'><strong>non</strong></span> <span class='ocrx_word' id='word_1_45' title='bbox 547 477 622 517; x_wconf 84' lang='lat' dir='ltr'><strong>pas</strong></span> <span class='ocrx_word' id='word_1_46' title='bbox 639 465 815 518; x_wconf 72' lang='lat' dir='ltr'><strong>adoptff,</strong></span> <span class='ocrx_word' id='word_1_47' title='bbox 839 463 944 504; x_wconf 84' lang='lat' dir='ltr'><strong>mais</strong></span> <span class='ocrx_word' id='word_1_48' title='bbox 962 475 1063 503; x_wconf 90' lang='lat' dir='ltr'><strong>mon</strong></span> <span class='ocrx_word' id='word_1_49' title='bbox 1082 476 1233 517; x_wconf 86' lang='lat' dir='ltr'><strong>propre</strong></span> <span class='ocrx_word' id='word_1_50' title='bbox 1254 464 1334 512; x_wconf 86' lang='lat' dir='ltr'><strong>fils,</strong></span> <span class='ocrx_word' id='word_1_51' title='bbox 1358 477 1444 505; x_wconf 91' lang='lat' dir='ltr'><strong>non</strong></span> <span class='ocrx_word' id='word_1_52' title='bbox 1465 478 1540 518; x_wconf 79' lang='lat' dir='ltr'><strong>pas</strong></span> <span class='ocrx_word' id='word_1_53' title='bbox 1564 468 1658 507; x_wconf 79' lang='lat' dir='ltr'><strong>eree</strong></span> 
     </span>
     <span class='ocr_line' id='line_1_8' title="bbox 85 528 1657 582; baseline 0.001 -12"><span class='ocrx_word' id='word_1_54' title='bbox 85 528 248 570; x_wconf 77' lang='lat' dir='ltr'><strong>d&#39;autre</strong></span> <span class='ocrx_word' id='word_1_55' title='bbox 266 533 374 581; x_wconf 81' lang='lat' dir='ltr'><strong>part,</strong></span> <span class='ocrx_word' id='word_1_56' title='bbox 395 529 502 569; x_wconf 82' lang='lat' dir='ltr'><strong>mais</strong></span> <span class='ocrx_word' id='word_1_57' title='bbox 522 529 737 582; x_wconf 72' lang='lat' dir='ltr'><strong>eugendi-e</strong></span> <span class='ocrx_word' id='word_1_58' title='bbox 752 541 826 582; x_wconf 80' lang='lat' dir='ltr'><strong>par</strong></span> <span class='ocrx_word' id='word_1_59' title='bbox 845 529 930 569; x_wconf 89' lang='lat' dir='ltr'><strong>moi</strong></span> <span class='ocrx_word' id='word_1_60' title='bbox 944 542 954 578; x_wconf 91' lang='lat'>;</span> <span class='ocrx_word' id='word_1_61' title='bbox 970 529 1001 568; x_wconf 91' lang='lat' dir='ltr'><strong>il</strong></span> <span class='ocrx_word' id='word_1_62' title='bbox 1016 528 1082 569; x_wconf 81' lang='lat' dir='ltr'><strong>n&#39;a</strong></span> <span class='ocrx_word' id='word_1_63' title='bbox 1107 541 1181 582; x_wconf 73' lang='lat' dir='ltr'><strong>pes</strong></span> <span class='ocrx_word' id='word_1_64' title='bbox 1200 531 1266 569; x_wconf 75' lang='lat' dir='ltr'><strong>cte</strong></span> <span class='ocrx_word' id='word_1_65' title='bbox 1287 530 1365 570; x_wconf 83' lang='lat' dir='ltr'><strong>fait</strong></span> <span class='ocrx_word' id='word_1_66' title='bbox 1382 530 1611 572; x_wconf 79' lang='lat' dir='ltr'>semblable</span> <span class='ocrx_word' id='word_1_67' title='bbox 1632 533 1657 571; x_wconf 73' lang='lat' dir='ltr'><strong>zi</strong></span> 
     </span>
     <span class='ocr_line' id='line_1_9' title="bbox 83 593 1656 649; baseline 0.001 -14"><span class='ocrx_word' id='word_1_68' title='bbox 83 594 172 635; x_wconf 88' lang='lat' dir='ltr'><strong>moi</strong></span> <span class='ocrx_word' id='word_1_69' title='bbox 192 594 270 634; x_wconf 76' lang='lat' dir='ltr'><strong>tire</strong></span> <span class='ocrx_word' id='word_1_70' title='bbox 288 593 411 634; x_wconf 90' lang='lat' dir='ltr'><strong>d&#39;une</strong></span> <span class='ocrx_word' id='word_1_71' title='bbox 431 600 582 634; x_wconf 78' lang='lat' dir='ltr'><strong>nature</strong></span> <span class='ocrx_word' id='word_1_72' title='bbox 601 596 835 648; x_wconf 75' lang='lat' dir='ltr'><strong>eti-angere,</strong></span> <span class='ocrx_word' id='word_1_73' title='bbox 860 595 965 634; x_wconf 79' lang='lat' dir='ltr'><strong>mais</strong></span> <span class='ocrx_word' id='word_1_74' title='bbox 977 594 1075 634; x_wconf 87' lang='lat' dir='ltr'><strong>c&#39;est</strong></span> <span class='ocrx_word' id='word_1_75' title='bbox 1097 597 1149 635; x_wconf 83' lang='lat' dir='ltr'><strong>ne</strong></span> <span class='ocrx_word' id='word_1_76' title='bbox 1169 595 1221 635; x_wconf 90' lang='lat' dir='ltr'><strong>de</strong></span> <span class='ocrx_word' id='word_1_77' title='bbox 1240 607 1340 635; x_wconf 92' lang='lat' dir='ltr'><strong>mon</strong></span> <span class='ocrx_word' id='word_1_78' title='bbox 1361 608 1529 636; x_wconf 76' lang='lat' dir='ltr'><strong>essence</strong></span> <span class='ocrx_word' id='word_1_79' title='bbox 1550 596 1656 649; x_wconf 85' lang='lat' dir='ltr'><strong>qn&#39;il</strong></span> 
     </span>
     <span class='ocr_line' id='line_1_10' title="bbox 83 658 1657 710; baseline 0.001 -11"><span class='ocrx_word' id='word_1_80' title='bbox 83 662 147 700; x_wconf 73' lang='lat' dir='ltr'><strong>est</strong></span> <span class='ocrx_word' id='word_1_81' title='bbox 165 669 265 698; x_wconf 88' lang='lat' dir='ltr'><strong>mou</strong></span> <span class='ocrx_word' id='word_1_82' title='bbox 285 658 399 710; x_wconf 77' lang='lat' dir='ltr'><strong>egel.</strong></span> <span class='ocrx_word' id='word_1_83' title='bbox 420 675 440 695; x_wconf 91' lang='lat'>»</span> <span class='ocrx_word' id='word_1_84' title='bbox 463 659 749 700; x_wconf 77' lang='lat' dir='ltr'><strong>Jesus-Christ</strong></span> <span class='ocrx_word' id='word_1_85' title='bbox 767 662 833 699; x_wconf 82' lang='lat' dir='ltr'><strong>est</strong></span> <span class='ocrx_word' id='word_1_86' title='bbox 853 659 961 699; x_wconf 87' lang='lat' dir='ltr'><strong>donc</strong></span> <span class='ocrx_word' id='word_1_87' title='bbox 980 659 1205 700; x_wconf 78' lang='lat' dir='ltr'><strong>bien-aime</strong></span> <span class='ocrx_word' id='word_1_88' title='bbox 1227 664 1270 700; x_wconf 86' lang='lat' dir='ltr'><strong>et</strong></span> <span class='ocrx_word' id='word_1_89' title='bbox 1289 660 1657 701; x_wconf 81' lang='lat' dir='ltr'><strong>souverainement</strong></span> 
     </span>
     <span class='ocr_line' id='line_1_11' title="bbox 84 722 1656 776; baseline 0.001 -11"><span class='ocrx_word' id='word_1_90' title='bbox 84 723 281 773; x_wconf 59' lang='lat' dir='ltr'><strong>nimam,</strong></span> <span class='ocrx_word' id='word_1_91' title='bbox 302 735 428 776; x_wconf 84' lang='lat' dir='ltr'><strong>parce</strong></span> <span class='ocrx_word' id='word_1_92' title='bbox 448 722 552 776; x_wconf 87' lang='lat' dir='ltr'><strong>qu&#39;il</strong></span> <span class='ocrx_word' id='word_1_93' title='bbox 584 727 646 764; x_wconf 85' lang='lat' dir='ltr'><strong>est</strong></span> <span class='ocrx_word' id='word_1_94' title='bbox 677 724 728 764; x_wconf 92' lang='lat' dir='ltr'><strong>de</strong></span> <span class='ocrx_word' id='word_1_95' title='bbox 759 724 801 764; x_wconf 76' lang='lat' dir='ltr'><strong>la</strong></span> <span class='ocrx_word' id='word_1_96' title='bbox 833 725 969 765; x_wconf 77' lang='lat' dir='ltr'><strong>meme</strong></span> <span class='ocrx_word' id='word_1_97' title='bbox 996 725 1218 765; x_wconf 78' lang='lat' dir='ltr'><strong>substance</strong></span> <span class='ocrx_word' id='word_1_98' title='bbox 1250 728 1291 766; x_wconf 85' lang='lat' dir='ltr'><strong>et</strong></span> <span class='ocrx_word' id='word_1_99' title='bbox 1327 725 1656 767; x_wconf 65' lang='lat' dir='ltr'><strong>consubstantiat</strong></span> 
     </span>
     <span class='ocr_line' id='line_1_12' title="bbox 83 788 1653 844; baseline 0.002 -15"><span class='ocrx_word' id='word_1_100' title='bbox 83 799 184 830; x_wconf 72' lang='lat' dir='ltr'><strong>avec</strong></span> <span class='ocrx_word' id='word_1_101' title='bbox 203 788 276 838; x_wconf 85' lang='lat' dir='ltr'><strong>lui,</strong></span> <span class='ocrx_word' id='word_1_102' title='bbox 299 801 421 841; x_wconf 82' lang='lat' dir='ltr'><strong>parce</strong></span> <span class='ocrx_word' id='word_1_103' title='bbox 441 788 544 840; x_wconf 88' lang='lat' dir='ltr'><strong>qu’il</strong></span> <span class='ocrx_word' id='word_1_104' title='bbox 563 794 626 829; x_wconf 84' lang='lat' dir='ltr'><strong>est</strong></span> <span class='ocrx_word' id='word_1_105' title='bbox 646 801 720 828; x_wconf 89' lang='lat' dir='ltr'><strong>son</strong></span> <span class='ocrx_word' id='word_1_106' title='bbox 742 789 830 829; x_wconf 80' lang='lat' dir='ltr'><strong>seul</strong></span> <span class='ocrx_word' id='word_1_107' title='bbox 849 794 891 830; x_wconf 90' lang='lat' dir='ltr'><strong>et</strong></span> <span class='ocrx_word' id='word_1_108' title='bbox 909 790 1071 843; x_wconf 85' lang='lat' dir='ltr'><strong>unique</strong></span> <span class='ocrx_word' id='word_1_109' title='bbox 1090 790 1171 838; x_wconf 86' lang='lat' dir='ltr'><strong>fils,</strong></span> <span class='ocrx_word' id='word_1_110' title='bbox 1193 803 1316 843; x_wconf 81' lang='lat' dir='ltr'><strong>perce</strong></span> <span class='ocrx_word' id='word_1_111' title='bbox 1349 803 1432 844; x_wconf 88' lang='lat' dir='ltr'><strong>que</strong></span> <span class='ocrx_word' id='word_1_112' title='bbox 1463 791 1506 832; x_wconf 81' lang='lat' dir='ltr'><strong>la</strong></span> <span class='ocrx_word' id='word_1_113' title='bbox 1525 791 1653 832; x_wconf 88' lang='lat' dir='ltr'><strong>dilec-</strong></span> 
     </span>
     <span class='ocr_line' id='line_1_13' title="bbox 81 853 1655 908; baseline 0.002 -14"><span class='ocrx_word' id='word_1_114' title='bbox 81 853 174 894; x_wconf 67' lang='lat' dir='ltr'><strong>tion</strong></span> <span class='ocrx_word' id='word_1_115' title='bbox 193 853 244 894; x_wconf 87' lang='lat' dir='ltr'><strong>de</strong></span> <span class='ocrx_word' id='word_1_116' title='bbox 264 865 310 893; x_wconf 86' lang='lat' dir='ltr'><strong>ce</strong></span> <span class='ocrx_word' id='word_1_117' title='bbox 328 853 393 893; x_wconf 81' lang='lat' dir='ltr'><strong>fils</strong></span> <span class='ocrx_word' id='word_1_118' title='bbox 411 853 583 906; x_wconf 82' lang='lat' dir='ltr'><strong>produit</strong></span> <span class='ocrx_word' id='word_1_119' title='bbox 614 853 652 893; x_wconf 85' lang='lat' dir='ltr'><strong>le</strong></span> <span class='ocrx_word' id='word_1_120' title='bbox 686 854 961 908; x_wconf 77' lang='lat' dir='ltr'><strong>Saint·Esprit</strong></span> <span class='ocrx_word' id='word_1_121' title='bbox 993 855 1065 908; x_wconf 88' lang='lat' dir='ltr'><strong>qui</strong></span> <span class='ocrx_word' id='word_1_122' title='bbox 1096 859 1158 895; x_wconf 87' lang='lat' dir='ltr'><strong>est</strong></span> <span class='ocrx_word' id='word_1_123' title='bbox 1187 856 1369 896; x_wconf 76' lang='lat' dir='ltr'><strong>ramour</strong></span> <span class='ocrx_word' id='word_1_124' title='bbox 1398 856 1521 896; x_wconf 88' lang='lat' dir='ltr'><strong>infini</strong></span> <span class='ocrx_word' id='word_1_125' title='bbox 1546 860 1590 898; x_wconf 85' lang='lat' dir='ltr'><strong>et</strong></span> <span class='ocrx_word' id='word_1_126' title='bbox 1614 856 1655 897; x_wconf 78' lang='lat' dir='ltr'><strong>la</strong></span> 
     </span>
     <span class='ocr_line' id='line_1_14' title="bbox 82 917 739 959; baseline 0 -1"><span class='ocrx_word' id='word_1_127' title='bbox 82 917 283 958; x_wconf 83' lang='lat' dir='ltr'><strong>dilection</strong></span> <span class='ocrx_word' id='word_1_128' title='bbox 303 917 359 958; x_wconf 88' lang='lat' dir='ltr'><strong>du</strong></span> <span class='ocrx_word' id='word_1_129' title='bbox 379 919 483 958; x_wconf 76' lang='lat' dir='ltr'><strong>Pere</strong></span> <span class='ocrx_word' id='word_1_130' title='bbox 502 923 544 958; x_wconf 88' lang='lat' dir='ltr'><strong>et</strong></span> <span class='ocrx_word' id='word_1_131' title='bbox 564 918 620 958; x_wconf 88' lang='lat' dir='ltr'><strong>du</strong></span> <span class='ocrx_word' id='word_1_132' title='bbox 641 919 739 959; x_wconf 86' lang='lat' dir='ltr'><strong>Fils.</strong></span> 
     </span>
    </p>

    <p class='ocr_par' dir='ltr' id='par_1_5' title="bbox 73 983 1654 1556">
     <span class='ocr_line' id='line_1_15' title="bbox 132 983 1654 1038; baseline 0.003 -14"><span class='ocrx_word' id='word_1_133' title='bbox 132 984 177 1024; x_wconf 83' lang='lat'><strong>3⁰</strong></span> <span class='ocrx_word' id='word_1_134' title='bbox 201 997 220 1021; x_wconf 92' lang='lat'>«</span> <span class='ocrx_word' id='word_1_135' title='bbox 244 984 304 1023; x_wconf 77' lang='lat' dir='ltr'><strong>En</strong></span> <span class='ocrx_word' id='word_1_136' title='bbox 326 984 397 1036; x_wconf 88' lang='lat' dir='ltr'><strong>qui</strong></span> <span class='ocrx_word' id='word_1_137' title='bbox 412 983 488 1035; x_wconf 79' lang='lat' dir='ltr'><strong>j’ai</strong></span> <span class='ocrx_word' id='word_1_138' title='bbox 511 983 587 1023; x_wconf 85' lang='lat' dir='ltr'><strong>mis</strong></span> <span class='ocrx_word' id='word_1_139' title='bbox 610 987 745 1025; x_wconf 83' lang='lat' dir='ltr'><strong>tontes</strong></span> <span class='ocrx_word' id='word_1_140' title='bbox 764 996 853 1024; x_wconf 86' lang='lat' dir='ltr'><strong>mes</strong></span> <span class='ocrx_word' id='word_1_141' title='bbox 871 985 1211 1038; x_wconf 80' lang='lat' dir='ltr'><strong>complaisanees.</strong></span> <span class='ocrx_word' id='word_1_142' title='bbox 1234 1001 1254 1022; x_wconf 91' lang='lat'>»</span> <span class='ocrx_word' id='word_1_143' title='bbox 1278 987 1338 1026; x_wconf 85' lang='lat' dir='ltr'><strong>En</strong></span> <span class='ocrx_word' id='word_1_144' title='bbox 1366 987 1426 1026; x_wconf 90' lang='lat' dir='ltr'><strong>lui</strong></span> <span class='ocrx_word' id='word_1_145' title='bbox 1441 987 1485 1038; x_wconf 83' lang='lat' dir='ltr'><strong>je</strong></span> <span class='ocrx_word' id='word_1_146' title='bbox 1505 999 1574 1028; x_wconf 84' lang='lat' dir='ltr'><strong>me</strong></span> <span class='ocrx_word' id='word_1_147' title='bbox 1593 999 1654 1028; x_wconf 89' lang='lat' dir='ltr'><strong>re·</strong></span> 
     </span>
     <span class='ocr_line' id='line_1_16' title="bbox 77 1048 1651 1102; baseline 0.003 -14"><span class='ocrx_word' id='word_1_148' title='bbox 77 1059 179 1102; x_wconf 75' lang='lat' dir='ltr'><strong>pose</strong></span> <span class='ocrx_word' id='word_1_149' title='bbox 196 1050 240 1089; x_wconf 87' lang='lat' dir='ltr'><strong>et</strong></span> <span class='ocrx_word' id='word_1_150' title='bbox 253 1048 298 1100; x_wconf 60' lang='lat' dir='ltr'><strong>,ie</strong></span> <span class='ocrx_word' id='word_1_151' title='bbox 315 1060 384 1088; x_wconf 90' lang='lat' dir='ltr'><strong>me</strong></span> <span class='ocrx_word' id='word_1_152' title='bbox 403 1048 559 1101; x_wconf 82' lang='lat' dir='ltr'><strong>rejonis</strong></span> <span class='ocrx_word' id='word_1_153' title='bbox 578 1051 960 1100; x_wconf 81' lang='lat' dir='ltr'><strong>souverainement‚</strong></span> <span class='ocrx_word' id='word_1_154' title='bbox 982 1062 1032 1091; x_wconf 88' lang='lat' dir='ltr'><strong>en</strong></span> <span class='ocrx_word' id='word_1_155' title='bbox 1055 1051 1115 1090; x_wconf 87' lang='lat' dir='ltr'><strong>lui</strong></span> <span class='ocrx_word' id='word_1_156' title='bbox 1141 1050 1216 1102; x_wconf 78' lang='lat' dir='ltr'><strong>J’ai</strong></span> <span class='ocrx_word' id='word_1_157' title='bbox 1236 1051 1316 1090; x_wconf 90' lang='lat' dir='ltr'><strong>mis</strong></span> <span class='ocrx_word' id='word_1_158' title='bbox 1335 1054 1428 1092; x_wconf 85' lang='lat' dir='ltr'><strong>tout</strong></span> <span class='ocrx_word' id='word_1_159' title='bbox 1449 1064 1547 1091; x_wconf 90' lang='lat' dir='ltr'><strong>mon</strong></span> <span class='ocrx_word' id='word_1_160' title='bbox 1567 1052 1651 1092; x_wconf 87' lang='lat' dir='ltr'><strong>bon</strong></span> 
     </span>
     <span class='ocr_line' id='line_1_17' title="bbox 77 1112 1653 1167; baseline 0.003 -14"><span class='ocrx_word' id='word_1_161' title='bbox 77 1112 224 1167; x_wconf 79' lang='lat' dir='ltr'>plaisir</span> <span class='ocrx_word' id='word_1_162' title='bbox 243 1118 284 1154; x_wconf 85' lang='lat' dir='ltr'><strong>et</strong></span> <span class='ocrx_word' id='word_1_163' title='bbox 304 1119 421 1155; x_wconf 84' lang='lat' dir='ltr'><strong>toute</strong></span> <span class='ocrx_word' id='word_1_164' title='bbox 442 1126 542 1154; x_wconf 89' lang='lat' dir='ltr'><strong>mon</strong></span> <span class='ocrx_word' id='word_1_165' title='bbox 571 1115 783 1164; x_wconf 82' lang='lat' dir='ltr'><strong>affection,</strong></span> <span class='ocrx_word' id='word_1_166' title='bbox 800 1115 845 1167; x_wconf 82' lang='lat' dir='ltr'><strong>je</strong></span> <span class='ocrx_word' id='word_1_167' title='bbox 877 1115 946 1155; x_wconf 81' lang='lat' dir='ltr'><strong>l’ai</strong></span> <span class='ocrx_word' id='word_1_168' title='bbox 977 1115 1106 1156; x_wconf 78' lang='lat' dir='ltr'><strong>etabli</strong></span> <span class='ocrx_word' id='word_1_169' title='bbox 1134 1128 1296 1156; x_wconf 91' lang='lat' dir='ltr'><strong>comme</strong></span> <span class='ocrx_word' id='word_1_170' title='bbox 1326 1129 1409 1156; x_wconf 92' lang='lat' dir='ltr'><strong>une</strong></span> <span class='ocrx_word' id='word_1_171' title='bbox 1441 1116 1578 1157; x_wconf 83' lang='lat' dir='ltr'><strong>hostie</strong></span> <span class='ocrx_word' id='word_1_172' title='bbox 1610 1121 1653 1157; x_wconf 88' lang='lat' dir='ltr'><strong>et</strong></span> 
     </span>
     <span class='ocr_line' id='line_1_18' title="bbox 77 1179 1651 1234; baseline 0.002 -15"><span class='ocrx_word' id='word_1_173' title='bbox 77 1189 242 1220; x_wconf 87' lang='lat' dir='ltr'><strong>comme</strong></span> <span class='ocrx_word' id='word_1_174' title='bbox 260 1190 343 1218; x_wconf 85' lang='lat' dir='ltr'><strong>une</strong></span> <span class='ocrx_word' id='word_1_175' title='bbox 364 1179 533 1219; x_wconf 76' lang='lat' dir='ltr'>victime</span> <span class='ocrx_word' id='word_1_176' title='bbox 555 1180 852 1232; x_wconf 78' lang='lat' dir='ltr'><strong>tres-agreable</strong></span> <span class='ocrx_word' id='word_1_177' title='bbox 873 1183 915 1219; x_wconf 85' lang='lat' dir='ltr'><strong>et</strong></span> <span class='ocrx_word' id='word_1_178' title='bbox 934 1181 1074 1232; x_wconf 89' lang='lat' dir='ltr'><strong>pleine</strong></span> <span class='ocrx_word' id='word_1_179' title='bbox 1094 1181 1145 1220; x_wconf 87' lang='lat' dir='ltr'><strong>de</strong></span> <span class='ocrx_word' id='word_1_180' title='bbox 1171 1181 1342 1221; x_wconf 79' lang='lat' dir='ltr'><strong>cherme</strong></span> <span class='ocrx_word' id='word_1_181' title='bbox 1362 1194 1470 1234; x_wconf 88' lang='lat' dir='ltr'><strong>pour</strong></span> <span class='ocrx_word' id='word_1_182' title='bbox 1502 1184 1651 1222; x_wconf 74' lang='lat' dir='ltr'><strong>recon-</strong></span> 
     </span>
     <span class='ocr_line' id='line_1_19' title="bbox 79 1242 1648 1299; baseline 0.003 -16"><span class='ocrx_word' id='word_1_183' title='bbox 79 1242 198 1284; x_wconf 84' lang='lat' dir='ltr'><strong>cilier</strong></span> <span class='ocrx_word' id='word_1_184' title='bbox 216 1243 276 1284; x_wconf 85' lang='lat' dir='ltr'><strong>les</strong></span> <span class='ocrx_word' id='word_1_185' title='bbox 295 1243 486 1284; x_wconf 82' lang='lat' dir='ltr'><strong>hommes</strong></span> <span class='ocrx_word' id='word_1_186' title='bbox 506 1257 606 1285; x_wconf 87' lang='lat' dir='ltr'><strong>avec</strong></span> <span class='ocrx_word' id='word_1_187' title='bbox 627 1245 710 1284; x_wconf 90' lang='lat' dir='ltr'><strong>moi</strong></span> <span class='ocrx_word' id='word_1_188' title='bbox 726 1259 736 1295; x_wconf 91' lang='lat'>;</span> <span class='ocrx_word' id='word_1_189' title='bbox 763 1246 931 1298; x_wconf 80' lang='lat' dir='ltr'><strong>lorsque</strong></span> <span class='ocrx_word' id='word_1_190' title='bbox 951 1246 991 1297; x_wconf 85' lang='lat' dir='ltr'><strong>je</strong></span> <span class='ocrx_word' id='word_1_191' title='bbox 1013 1246 1054 1285; x_wconf 86' lang='lat' dir='ltr'><strong>la</strong></span> <span class='ocrx_word' id='word_1_192' title='bbox 1073 1245 1267 1298; x_wconf 84' lang='lat' dir='ltr'><strong>regarde‚</strong></span> <span class='ocrx_word' id='word_1_193' title='bbox 1285 1246 1331 1298; x_wconf 64' lang='lat' dir='ltr'><strong>,ie</strong></span> <span class='ocrx_word' id='word_1_194' title='bbox 1351 1247 1503 1299; x_wconf 82' lang='lat' dir='ltr'><strong>depose</strong></span> <span class='ocrx_word' id='word_1_195' title='bbox 1530 1250 1648 1287; x_wconf 79' lang='lat' dir='ltr'><strong>toute</strong></span> 
     </span>
     <span class='ocr_line' id='line_1_20' title="bbox 76 1309 1647 1364; baseline 0.002 -16"><span class='ocrx_word' id='word_1_196' title='bbox 76 1309 216 1349; x_wconf 78' lang='lat' dir='ltr'><strong>colere</strong></span> <span class='ocrx_word' id='word_1_197' title='bbox 233 1312 276 1348; x_wconf 88' lang='lat' dir='ltr'><strong>et</strong></span> <span class='ocrx_word' id='word_1_198' title='bbox 307 1311 424 1349; x_wconf 84' lang='lat' dir='ltr'><strong>toute</strong></span> <span class='ocrx_word' id='word_1_199' title='bbox 455 1310 659 1350; x_wconf 81' lang='lat' dir='ltr'><strong>aversion.</strong></span> <span class='ocrx_word' id='word_1_200' title='bbox 682 1310 787 1350; x_wconf 88' lang='lat' dir='ltr'><strong>Dieu</strong></span> <span class='ocrx_word' id='word_1_201' title='bbox 819 1310 916 1350; x_wconf 81' lang='lat' dir='ltr'><strong>s’est</strong></span> <span class='ocrx_word' id='word_1_202' title='bbox 946 1310 1054 1350; x_wconf 89' lang='lat' dir='ltr'><strong>donc</strong></span> <span class='ocrx_word' id='word_1_203' title='bbox 1085 1310 1254 1364; x_wconf 88' lang='lat' dir='ltr'><strong>complu</strong></span> <span class='ocrx_word' id='word_1_204' title='bbox 1283 1311 1389 1350; x_wconf 82' lang='lat' dir='ltr'><strong>dans</strong></span> <span class='ocrx_word' id='word_1_205' title='bbox 1421 1311 1459 1352; x_wconf 90' lang='lat' dir='ltr'><strong>le</strong></span> <span class='ocrx_word' id='word_1_206' title='bbox 1493 1311 1647 1352; x_wconf 77' lang='lat' dir='ltr'><strong>Christ.</strong></span> 
     </span>
     <span class='ocr_line' id='line_1_21' title="bbox 75 1373 1650 1429; baseline 0.001 -15"><span class='ocrx_word' id='word_1_207' title='bbox 75 1373 183 1422; x_wconf 79' lang='lat' dir='ltr'><strong>Soit,</strong></span> <span class='ocrx_word' id='word_1_208' title='bbox 203 1385 326 1426; x_wconf 80' lang='lat' dir='ltr'><strong>perce</strong></span> <span class='ocrx_word' id='word_1_209' title='bbox 346 1374 448 1426; x_wconf 83' lang='lat' dir='ltr'><strong>qu‘il</strong></span> <span class='ocrx_word' id='word_1_210' title='bbox 466 1374 605 1415; x_wconf 81' lang='lat' dir='ltr'><strong>l’aime</strong></span> <span class='ocrx_word' id='word_1_211' title='bbox 625 1387 787 1415; x_wconf 90' lang='lat' dir='ltr'><strong>comme</strong></span> <span class='ocrx_word' id='word_1_212' title='bbox 807 1388 876 1415; x_wconf 83' lang='lat' dir='ltr'><strong>soc</strong></span> <span class='ocrx_word' id='word_1_213' title='bbox 898 1375 962 1415; x_wconf 85' lang='lat' dir='ltr'><strong>fils</strong></span> <span class='ocrx_word' id='word_1_214' title='bbox 982 1375 1083 1415; x_wconf 81' lang='lat' dir='ltr'><strong>‹l&#39;un</strong></span> <span class='ocrx_word' id='word_1_215' title='bbox 1103 1388 1252 1415; x_wconf 84' lang='lat' dir='ltr'><strong>amour</strong></span> <span class='ocrx_word' id='word_1_216' title='bbox 1279 1376 1403 1416; x_wconf 84' lang='lat' dir='ltr'><strong>infini</strong></span> <span class='ocrx_word' id='word_1_217' title='bbox 1422 1380 1463 1416; x_wconf 89' lang='lat' dir='ltr'><strong>et</strong></span> <span class='ocrx_word' id='word_1_218' title='bbox 1483 1376 1586 1429; x_wconf 87' lang='lat' dir='ltr'><strong>qu’il</strong></span> <span class='ocrx_word' id='word_1_219' title='bbox 1621 1389 1650 1429; x_wconf 71' lang='lat' dir='ltr'>y</span> 
     </span>
     <span class='ocr_line' id='line_1_22' title="bbox 74 1439 1649 1494; baseline 0.002 -15"><span class='ocrx_word' id='word_1_220' title='bbox 74 1449 224 1490; x_wconf 72' lang='lat' dir='ltr'><strong>repose</strong></span> <span class='ocrx_word' id='word_1_221' title='bbox 243 1450 297 1478; x_wconf 90' lang='lat' dir='ltr'><strong>en</strong></span> <span class='ocrx_word' id='word_1_222' title='bbox 316 1442 498 1479; x_wconf 81' lang='lat' dir='ltr'><strong>mettant</strong></span> <span class='ocrx_word' id='word_1_223' title='bbox 517 1452 569 1479; x_wconf 83' lang='lat' dir='ltr'><strong>en</strong></span> <span class='ocrx_word' id='word_1_224' title='bbox 591 1439 649 1479; x_wconf 89' lang='lat' dir='ltr'><strong>lui</strong></span> <span class='ocrx_word' id='word_1_225' title='bbox 680 1443 816 1480; x_wconf 83' lang='lat' dir='ltr'><strong>tontes</strong></span> <span class='ocrx_word' id='word_1_226' title='bbox 835 1451 899 1480; x_wconf 91' lang='lat' dir='ltr'><strong>ses</strong></span> <span class='ocrx_word' id='word_1_227' title='bbox 924 1440 1264 1492; x_wconf 82' lang='lat' dir='ltr'><strong>complaisances.</strong></span> <span class='ocrx_word' id='word_1_228' title='bbox 1288 1442 1394 1491; x_wconf 86' lang='lat' dir='ltr'><strong>Soit,</strong></span> <span class='ocrx_word' id='word_1_229' title='bbox 1417 1454 1541 1493; x_wconf 84' lang='lat' dir='ltr'><strong>parce</strong></span> <span class='ocrx_word' id='word_1_230' title='bbox 1568 1453 1649 1494; x_wconf 84' lang='lat' dir='ltr'><strong>qne</strong></span> 
     </span>
     <span class='ocr_line' id='line_1_23' title="bbox 73 1502 1648 1556; baseline 0.003 -14"><span class='ocrx_word' id='word_1_231' title='bbox 73 1514 152 1556; x_wconf 76' lang='lat' dir='ltr'><strong>par</strong></span> <span class='ocrx_word' id='word_1_232' title='bbox 170 1502 231 1542; x_wconf 85' lang='lat' dir='ltr'><strong>lui</strong></span> <span class='ocrx_word' id='word_1_233' title='bbox 250 1503 482 1544; x_wconf 83' lang='lat' dir='ltr'><strong>seulement</strong></span> <span class='ocrx_word' id='word_1_234' title='bbox 500 1504 529 1543; x_wconf 89' lang='lat' dir='ltr'><strong>il</strong></span> <span class='ocrx_word' id='word_1_235' title='bbox 550 1517 574 1544; x_wconf 81' lang='lat' dir='ltr'><strong>a</strong></span> <span class='ocrx_word' id='word_1_236' title='bbox 595 1506 722 1544; x_wconf 90' lang='lat' dir='ltr'><strong>vonlu</strong></span> <span class='ocrx_word' id='word_1_237' title='bbox 746 1506 939 1545; x_wconf 69' lang='lat' dir='ltr'><strong>rachater</strong></span> <span class='ocrx_word' id='word_1_238' title='bbox 959 1505 1159 1546; x_wconf 91' lang='lat' dir='ltr'><strong>l’homme</strong></span> <span class='ocrx_word' id='word_1_239' title='bbox 1177 1510 1219 1546; x_wconf 85' lang='lat' dir='ltr'><strong>et</strong></span> <span class='ocrx_word' id='word_1_240' title='bbox 1239 1519 1282 1546; x_wconf 88' lang='lat' dir='ltr'><strong>se</strong></span> <span class='ocrx_word' id='word_1_241' title='bbox 1313 1506 1353 1546; x_wconf 94' lang='lat' dir='ltr'><strong>le</strong></span> <span class='ocrx_word' id='word_1_242' title='bbox 1385 1506 1648 1547; x_wconf 80' lang='lat' dir='ltr'><strong>reconcilier.</strong></span> 
     </span>
    </p>
   </div>
   <div class='ocr_carea' id='block_1_4' title="bbox 528 117 1218 156">
    <p class='ocr_par' dir='ltr' id='par_1_6' title="bbox 528 117 1218 156">
     <span class='ocr_line' id='line_1_24' title="bbox 528 117 1218 156; baseline 0.001 -1"><span class='ocrx_word' id='word_1_243' title='bbox 528 125 683 156; x_wconf 70' lang='lat' dir='ltr'><strong>secono</strong></span> <span class='ocrx_word' id='word_1_244' title='bbox 711 124 925 156; x_wconf 58' lang='lat' dir='ltr'><strong>muscus</strong></span> <span class='ocrx_word' id='word_1_245' title='bbox 954 125 1005 154; x_wconf 75' lang='lat' dir='ltr'><strong>nn</strong></span> <span class='ocrx_word' id='word_1_246' title='bbox 1036 117 1218 156; x_wconf 59' lang='lat' dir='ltr'><strong>cineum</strong></span> 
     </span>
    </p>
   </div>
   <div class='ocr_carea' id='block_1_5' title="bbox 0 1567 1649 1621">
    <p class='ocr_par' dir='ltr' id='par_1_7' title="bbox 0 1567 1649 1621">
     <span class='ocr_line' id='line_1_25' title="bbox 0 1567 1649 1621; baseline 0 -9"><span class='ocrx_word' id='word_1_247' title='bbox 0 1567 2 1612; x_wconf 76' lang='grc' dir='ltr'>ζ</span> <span class='ocrx_word' id='word_1_248' title='bbox 71 1567 181 1617; x_wconf 74' lang='lat' dir='ltr'><strong>enit,</strong></span> <span class='ocrx_word' id='word_1_249' title='bbox 196 1580 320 1621; x_wconf 82' lang='lat' dir='ltr'><strong>parce</strong></span> <span class='ocrx_word' id='word_1_250' title='bbox 339 1580 419 1621; x_wconf 87' lang='lat' dir='ltr'><strong>que</strong></span> <span class='ocrx_word' id='word_1_251' title='bbox 439 1581 515 1609; x_wconf 90' lang='lat' dir='ltr'><strong>son</strong></span> <span class='ocrx_word' id='word_1_252' title='bbox 535 1569 788 1619; x_wconf 80' lang='lat' dir='ltr'><strong>obeissance,</strong></span> <span class='ocrx_word' id='word_1_253' title='bbox 805 1583 881 1610; x_wconf 89' lang='lat' dir='ltr'><strong>son</strong></span> <span class='ocrx_word' id='word_1_254' title='bbox 902 1570 1111 1620; x_wconf 63' lang='lat' dir='ltr'><strong>humane,</strong></span> <span class='ocrx_word' id='word_1_255' title='bbox 1128 1582 1173 1610; x_wconf 79' lang='lat' dir='ltr'><strong>sa</strong></span> <span class='ocrx_word' id='word_1_256' title='bbox 1186 1571 1364 1611; x_wconf 79' lang='lat' dir='ltr'><strong>saintete</strong></span> <span class='ocrx_word' id='word_1_257' title='bbox 1380 1571 1484 1611; x_wconf 88' lang='lat' dir='ltr'><strong>l’ont</strong></span> <span class='ocrx_word' id='word_1_258' title='bbox 1503 1582 1649 1612; x_wconf 85' lang='lat' dir='ltr'><strong>souve-</strong></span> 
     </span>
    </p>
   </div>
   <div class='ocr_carea' id='block_1_6' title="bbox 0 1891 17 2106">
    <p class='ocr_par' dir='ltr' id='par_1_8' title="bbox 0 1891 17 2106">
     <span class='ocr_line' id='line_1_26' title="bbox 0 1891 17 2106; textangle 90"><span class='ocrx_word' id='word_1_259' title='bbox 0 1958 17 2106; x_wconf 49' lang='lat' dir='ltr'><strong>,ff‘lFGff-T&amp;</strong></span> <span class='ocrx_word' id='word_1_260' title='bbox 0 1941 8 1951; x_wconf 66' lang='lat'><strong>0&#39;</strong></span> <span class='ocrx_word' id='word_1_261' title='bbox 0 1909 9 1916; x_wconf 59' lang='grc' dir='ltr'><strong>Υ</strong></span> <span class='ocrx_word' id='word_1_262' title='bbox 0 1891 6 1901; x_wconf 82' lang='lat'>&#39;</span> 
     </span>
    </p>
   </div>
   <div class='ocr_carea' id='block_1_7' title="bbox 2 2109 26 2251">
    <p class='ocr_par' dir='ltr' id='par_1_9' title="bbox 2 2109 26 2251">
     <span class='ocr_line' id='line_1_27' title="bbox 2 2109 26 2251; textangle 90"><span class='ocrx_word' id='word_1_263' title='bbox 2 2109 26 2251; x_wconf 61' lang='lat'><strong>«‘—7·’‘··‘:’</strong></span> 
     </span>
    </p>
   </div>
   <div class='ocr_carea' id='block_1_8' title="bbox 67 2123 432 2171">
    <p class='ocr_par' dir='ltr' id='par_1_10' title="bbox 23 2123 432 2171">
     <span class='ocr_line' id='line_1_28' title="bbox 67 2123 432 2171; baseline -0.007 -6.323"><span class='ocrx_word' id='word_1_264' title='bbox 67 2123 432 2171; x_wconf 61' lang='lat' dir='ltr'><strong>&#39;transfiguratione</strong></span> 
     </span>
    </p>
   </div>
   <div class='ocr_carea' id='block_1_9' title="bbox 71 1633 1651 1882">
    <p class='ocr_par' dir='ltr' id='par_1_11' title="bbox 71 1633 1651 1882">
     <span class='ocr_line' id='line_1_29' title="bbox 71 1633 1650 1688; baseline 0.002 -14"><span class='ocrx_word' id='word_1_265' title='bbox 71 1633 311 1674; x_wconf 75' lang='lat' dir='ltr'><strong>minement</strong></span> <span class='ocrx_word' id='word_1_266' title='bbox 329 1634 477 1685; x_wconf 79' lang='lat' dir='ltr'><strong>rejoui.</strong></span> <span class='ocrx_word' id='word_1_267' title='bbox 504 1634 595 1676; x_wconf 90' lang='lat' dir='ltr'><strong>Soit</strong></span> <span class='ocrx_word' id='word_1_268' title='bbox 622 1635 751 1684; x_wconf 86' lang='lat' dir='ltr'><strong>enfin,</strong></span> <span class='ocrx_word' id='word_1_269' title='bbox 787 1647 911 1688; x_wconf 77' lang='lat' dir='ltr'><strong>parce</strong></span> <span class='ocrx_word' id='word_1_270' title='bbox 941 1647 1024 1688; x_wconf 89' lang='lat' dir='ltr'><strong>que</strong></span> <span class='ocrx_word' id='word_1_271' title='bbox 1053 1638 1146 1675; x_wconf 82' lang='lat' dir='ltr'><strong>tous</strong></span> <span class='ocrx_word' id='word_1_272' title='bbox 1178 1647 1284 1675; x_wconf 79' lang='lat' dir='ltr'><strong>ceux</strong></span> <span class='ocrx_word' id='word_1_273' title='bbox 1318 1636 1391 1688; x_wconf 87' lang='lat' dir='ltr'><strong>qui</strong></span> <span class='ocrx_word' id='word_1_274' title='bbox 1423 1636 1604 1688; x_wconf 78' lang='lat' dir='ltr'><strong>plaisent</strong></span> <span class='ocrx_word' id='word_1_275' title='bbox 1623 1638 1650 1677; x_wconf 62' lang='lat' dir='ltr'><strong>a</strong></span> 
     </span>
     <span class='ocr_line' id='line_1_30' title="bbox 73 1698 1651 1753; baseline 0.002 -14"><span class='ocrx_word' id='word_1_276' title='bbox 73 1698 179 1740; x_wconf 87' lang='lat' dir='ltr'><strong>Dieu</strong></span> <span class='ocrx_word' id='word_1_277' title='bbox 199 1698 259 1738; x_wconf 90' lang='lat' dir='ltr'><strong>lui</strong></span> <span class='ocrx_word' id='word_1_278' title='bbox 278 1699 458 1751; x_wconf 82' lang='lat' dir='ltr'><strong>plaisent</strong></span> <span class='ocrx_word' id='word_1_279' title='bbox 478 1711 554 1752; x_wconf 82' lang='lat' dir='ltr'><strong>par</strong></span> <span class='ocrx_word' id='word_1_280' title='bbox 565 1700 856 1750; x_wconf 71' lang='lat' dir='ltr'><strong>,Iesus-Christ,</strong></span> <span class='ocrx_word' id='word_1_281' title='bbox 878 1704 921 1741; x_wconf 84' lang='lat' dir='ltr'><strong>et</strong></span> <span class='ocrx_word' id='word_1_282' title='bbox 940 1712 1022 1753; x_wconf 90' lang='lat' dir='ltr'><strong>que</strong></span> <span class='ocrx_word' id='word_1_283' title='bbox 1042 1713 1148 1740; x_wconf 80' lang='lat' dir='ltr'><strong>ceux</strong></span> <span class='ocrx_word' id='word_1_284' title='bbox 1176 1701 1250 1753; x_wconf 90' lang='lat' dir='ltr'><strong>qui</strong></span> <span class='ocrx_word' id='word_1_285' title='bbox 1271 1700 1449 1752; x_wconf 83' lang='lat' dir='ltr'><strong>plaisent</strong></span> <span class='ocrx_word' id='word_1_286' title='bbox 1470 1703 1495 1739; x_wconf 66' lang='grc' dir='ltr'><strong>τὶ</strong></span> <span class='ocrx_word' id='word_1_287' title='bbox 1512 1702 1651 1742; x_wconf 80' lang='lat' dir='ltr'><strong>Jesus-</strong></span> 
     </span>
     <span class='ocr_line' id='line_1_31' title="bbox 72 1762 1645 1816; baseline 0.002 -12"><span class='ocrx_word' id='word_1_288' title='bbox 72 1762 213 1805; x_wconf 79' lang='lat' dir='ltr'><strong>Christ</strong></span> <span class='ocrx_word' id='word_1_289' title='bbox 228 1763 289 1802; x_wconf 90' lang='lat' dir='ltr'><strong>lui</strong></span> <span class='ocrx_word' id='word_1_290' title='bbox 307 1763 487 1816; x_wconf 77' lang='lat' dir='ltr'><strong>plaisent</strong></span> <span class='ocrx_word' id='word_1_291' title='bbox 505 1765 617 1805; x_wconf 80' lang='lat' dir='ltr'><strong>aussi</strong></span> <span class='ocrx_word' id='word_1_292' title='bbox 630 1767 656 1805; x_wconf 73' lang='grc' dir='ltr'><strong>ὁ,</strong></span> <span class='ocrx_word' id='word_1_293' title='bbox 668 1765 898 1806; x_wconf 77' lang='lat' dir='ltr'><strong>lui-meme.</strong></span> <span class='ocrx_word' id='word_1_294' title='bbox 914 1767 1089 1805; x_wconf 86' lang='lat' dir='ltr'><strong>Aucune</strong></span> <span class='ocrx_word' id='word_1_295' title='bbox 1103 1769 1239 1814; x_wconf 86' lang='lat' dir='ltr'><strong>vertu,</strong></span> <span class='ocrx_word' id='word_1_296' title='bbox 1258 1778 1423 1806; x_wconf 86' lang='lat' dir='ltr'><strong>aucune</strong></span> <span class='ocrx_word' id='word_1_297' title='bbox 1444 1767 1645 1815; x_wconf 57' lang='lat' dir='ltr'><strong>saliatem,</strong></span> 
     </span>
     <span class='ocr_line' id='line_1_32' title="bbox 71 1817 1647 1882; baseline 0.003 -15"><span class='ocrx_word' id='word_1_298' title='bbox 71 1817 169 1868; x_wconf 77' lang='lat' dir='ltr'><strong>nnis</strong></span> <span class='ocrx_word' id='word_1_299' title='bbox 186 1827 356 1868; x_wconf 81' lang='lat' dir='ltr'><strong>merites</strong></span> <span class='ocrx_word' id='word_1_300' title='bbox 369 1840 421 1868; x_wconf 93' lang='lat' dir='ltr'><strong>ne</strong></span> <span class='ocrx_word' id='word_1_301' title='bbox 441 1834 622 1880; x_wconf 88' lang='lat' dir='ltr'><strong>penvent</strong></span> <span class='ocrx_word' id='word_1_302' title='bbox 641 1829 773 1881; x_wconf 78' lang='lat' dir='ltr'><strong>plairc</strong></span> <span class='ocrx_word' id='word_1_303' title='bbox 793 1842 847 1869; x_wconf 77' lang='lat' dir='ltr'><strong>au</strong></span> <span class='ocrx_word' id='word_1_304' title='bbox 868 1831 971 1869; x_wconf 81' lang='lat' dir='ltr'><strong>Pere</strong></span> <span class='ocrx_word' id='word_1_305' title='bbox 991 1842 1075 1882; x_wconf 89' lang='lat' dir='ltr'><strong>que</strong></span> <span class='ocrx_word' id='word_1_306' title='bbox 1095 1843 1171 1882; x_wconf 80' lang='lat' dir='ltr'><strong>par</strong></span> <span class='ocrx_word' id='word_1_307' title='bbox 1190 1830 1229 1869; x_wconf 93' lang='lat' dir='ltr'><strong>le</strong></span> <span class='ocrx_word' id='word_1_308' title='bbox 1250 1842 1405 1882; x_wconf 88' lang='lat' dir='ltr'><strong>moyen</strong></span> <span class='ocrx_word' id='word_1_309' title='bbox 1428 1830 1481 1871; x_wconf 88' lang='lat' dir='ltr'><strong>de</strong></span> <span class='ocrx_word' id='word_1_310' title='bbox 1499 1831 1647 1871; x_wconf 75' lang='lat' dir='ltr'><strong>,lesus-</strong></span> 
     </span>
    </p>
   </div>
   <div class='ocr_carea' id='block_1_10' title="bbox 877 1983 1646 2221">
    <p class='ocr_par' dir='ltr' id='par_1_12' title="bbox 877 1983 1646 2221">
     <span class='ocr_line' id='line_1_33' title="bbox 879 1983 1645 2031; baseline 0.001 -11"><span class='ocrx_word' id='word_1_311' title='bbox 879 1985 923 2020; x_wconf 90' lang='lat' dir='ltr'><strong>In</strong></span> <span class='ocrx_word' id='word_1_312' title='bbox 943 1994 1017 2030; x_wconf 87' lang='lat' dir='ltr'><strong>quo</strong></span> <span class='ocrx_word' id='word_1_313' title='bbox 1038 1985 1232 2031; x_wconf 84' lang='lat' dir='ltr'><strong>requiesco</strong></span> <span class='ocrx_word' id='word_1_314' title='bbox 1246 1988 1282 2020; x_wconf 85' lang='lat' dir='ltr'><strong>ct</strong></span> <span class='ocrx_word' id='word_1_315' title='bbox 1302 1983 1470 2021; x_wconf 87' lang='lat' dir='ltr'><strong>oblector</strong></span> <span class='ocrx_word' id='word_1_316' title='bbox 1490 1983 1645 2027; x_wconf 80' lang='lat' dir='ltr'><strong>eximie,</strong></span> 
     </span>
     <span class='ocr_line' id='line_1_34' title="bbox 879 2031 1644 2078; baseline 0 -10"><span class='ocrx_word' id='word_1_317' title='bbox 879 2032 918 2068; x_wconf 91' lang='lat' dir='ltr'><strong>in</strong></span> <span class='ocrx_word' id='word_1_318' title='bbox 939 2041 1051 2078; x_wconf 83' lang='lat' dir='ltr'><strong>quem</strong></span> <span class='ocrx_word' id='word_1_319' title='bbox 1071 2042 1224 2068; x_wconf 87' lang='lat' dir='ltr'><strong>omnem</strong></span> <span class='ocrx_word' id='word_1_320' title='bbox 1255 2042 1377 2068; x_wconf 89' lang='lat' dir='ltr'><strong>meam</strong></span> <span class='ocrx_word' id='word_1_321' title='bbox 1412 2031 1644 2068; x_wconf 84' lang='lat' dir='ltr'><strong>benevolen-</strong></span> 
     </span>
     <span class='ocr_line' id='line_1_35' title="bbox 879 2078 1645 2125; baseline 0.003 -11"><span class='ocrx_word' id='word_1_322' title='bbox 879 2079 983 2123; x_wconf 79' lang='lat' dir='ltr'><strong>tiam,</strong></span> <span class='ocrx_word' id='word_1_323' title='bbox 1004 2090 1192 2125; x_wconf 84' lang='lat' dir='ltr'><strong>omneque</strong></span> <span class='ocrx_word' id='word_1_324' title='bbox 1213 2078 1495 2125; x_wconf 86' lang='lat' dir='ltr'><strong>beneplacitum</strong></span> <span class='ocrx_word' id='word_1_325' title='bbox 1517 2087 1645 2116; x_wconf 75' lang='lat' dir='ltr'><strong>menn</strong></span> 
     </span>
     <span class='ocr_line' id='line_1_36' title="bbox 877 2126 1643 2173; baseline 0 -10"><span class='ocrx_word' id='word_1_326' title='bbox 877 2131 914 2163; x_wconf 89' lang='lat' dir='ltr'><strong>et</strong></span> <span class='ocrx_word' id='word_1_327' title='bbox 951 2127 1181 2163; x_wconf 79' lang='lat' dir='ltr'><strong>voluntatem</strong></span> <span class='ocrx_word' id='word_1_328' title='bbox 1234 2137 1459 2173; x_wconf 86' lang='lat' dir='ltr'><strong>propensam</strong></span> <span class='ocrx_word' id='word_1_329' title='bbox 1513 2126 1643 2172; x_wconf 77' lang='lat' dir='ltr'><strong>effudi,</strong></span> 
     </span>
     <span class='ocr_line' id='line_1_37' title="bbox 877 2174 1646 2221; baseline 0.001 -11"><span class='ocrx_word' id='word_1_330' title='bbox 877 2184 989 2220; x_wconf 83' lang='lat' dir='ltr'><strong>quem</strong></span> <span class='ocrx_word' id='word_1_331' title='bbox 1010 2174 1310 2221; x_wconf 79' lang='lat' dir='ltr'><strong>complacentem</strong></span> <span class='ocrx_word' id='word_1_332' title='bbox 1331 2179 1367 2210; x_wconf 86' lang='lat' dir='ltr'><strong>et</strong></span> <span class='ocrx_word' id='word_1_333' title='bbox 1393 2174 1646 2220; x_wconf 79' lang='lat' dir='ltr'><strong>gratissimam</strong></span> 
     </span>
    </p>
   </div>
   <div class='ocr_carea' id='block_1_11' title="bbox 69 1983 840 2123">
    <p class='ocr_par' dir='ltr' id='par_1_13' title="bbox 69 1983 840 2123">
     <span class='ocr_line' id='line_1_38' title="bbox 69 1983 839 2030; baseline 0 -10"><span class='ocrx_word' id='word_1_334' title='bbox 69 1991 152 2020; x_wconf 83' lang='lat' dir='ltr'><strong>non</strong></span> <span class='ocrx_word' id='word_1_335' title='bbox 171 1992 314 2026; x_wconf 81' lang='lat' dir='ltr'><strong>servus,</strong></span> <span class='ocrx_word' id='word_1_336' title='bbox 334 1993 414 2020; x_wconf 91' lang='lat' dir='ltr'><strong>non</strong></span> <span class='ocrx_word' id='word_1_337' title='bbox 435 1983 593 2030; x_wconf 81' lang='lat' dir='ltr'><strong>legatus,</strong></span> <span class='ocrx_word' id='word_1_338' title='bbox 613 1994 691 2020; x_wconf 88' lang='lat' dir='ltr'><strong>non</strong></span> <span class='ocrx_word' id='word_1_339' title='bbox 713 1985 839 2030; x_wconf 77' lang='lat' dir='ltr'><strong>Ange·</strong></span> 
     </span>
     <span class='ocr_line' id='line_1_39' title="bbox 70 2029 840 2079; baseline 0.003 -13"><span class='ocrx_word' id='word_1_340' title='bbox 70 2029 148 2074; x_wconf 86' lang='lat' dir='ltr'><strong>lus,</strong></span> <span class='ocrx_word' id='word_1_341' title='bbox 170 2030 233 2067; x_wconf 84' lang='lat' dir='ltr'><strong>sed</strong></span> <span class='ocrx_word' id='word_1_342' title='bbox 255 2029 356 2066; x_wconf 86' lang='lat' dir='ltr'><strong>filius</strong></span> <span class='ocrx_word' id='word_1_343' title='bbox 388 2040 495 2067; x_wconf 87' lang='lat' dir='ltr'><strong>meus</strong></span> <span class='ocrx_word' id='word_1_344' title='bbox 520 2031 696 2075; x_wconf 86' lang='lat' dir='ltr'><strong>dilectus,</strong></span> <span class='ocrx_word' id='word_1_345' title='bbox 718 2032 840 2079; x_wconf 88' lang='lat' dir='ltr'><strong>inquit</strong></span> 
     </span>
     <span class='ocr_line' id='line_1_40' title="bbox 71 2078 840 2123; baseline 0.001 -8"><span class='ocrx_word' id='word_1_346' title='bbox 71 2082 228 2115; x_wconf 77' lang='lat' dir='ltr'><strong>sanctus</strong></span> <span class='ocrx_word' id='word_1_347' title='bbox 284 2078 558 2123; x_wconf 82' lang='lat' dir='ltr'><strong>Damascenus‚</strong></span> <span class='ocrx_word' id='word_1_348' title='bbox 615 2089 739 2116; x_wconf 87' lang='lat' dir='ltr'><strong>sermo</strong></span> <span class='ocrx_word' id='word_1_349' title='bbox 793 2079 840 2116; x_wconf 89' lang='lat' dir='ltr'><strong>de</strong></span> 
     </span>
    </p>
   </div>
   <div class='ocr_carea' id='block_1_12' title="bbox 119 2171 836 2211">
    <p class='ocr_par' dir='ltr' id='par_1_14' title="bbox 119 2171 836 2211">
     <span class='ocr_line' id='line_1_41' title="bbox 119 2171 836 2211; baseline 0.004 -3"><span class='ocrx_word' id='word_1_350' title='bbox 119 2171 305 2210; x_wconf 86' lang='lat' dir='ltr'><strong>Secundo.</strong></span> <span class='ocrx_word' id='word_1_351' title='bbox 328 2188 341 2205; x_wconf 71' lang='grc' dir='ltr'><strong>α</strong></span> <span class='ocrx_word' id='word_1_352' title='bbox 368 2173 544 2210; x_wconf 76' lang='lat' dir='ltr'><strong>Dilectus.</strong></span> <span class='ocrx_word' id='word_1_353' title='bbox 572 2188 585 2205; x_wconf 71' lang='grc' dir='ltr'><strong>ι»</strong></span> <span class='ocrx_word' id='word_1_354' title='bbox 610 2174 739 2211; x_wconf 82' lang='lat' dir='ltr'><strong>Graeca</strong></span> <span class='ocrx_word' id='word_1_355' title='bbox 768 2174 836 2211; x_wconf 83' lang='lat' dir='ltr'><strong>ha—</strong></span> 
     </span>
    </p>
   </div>
   <div class='ocr_carea' id='block_1_13' title="bbox 68 2217 837 2266">
    <p class='ocr_par' dir='ltr' id='par_1_15' title="bbox 68 2217 837 2266">
     <span class='ocr_line' id='line_1_42' title="bbox 68 2217 837 2266; baseline 0.003 -10"><span class='ocrx_word' id='word_1_356' title='bbox 68 2217 177 2262; x_wconf 76' lang='lat' dir='ltr'><strong>bent,</strong></span> <span class='ocrx_word' id='word_1_357' title='bbox 197 2220 409 2265; x_wconf 67' lang='lat' dir='ltr'><strong>diligibilis,</strong></span> <span class='ocrx_word' id='word_1_358' title='bbox 431 2221 507 2257; x_wconf 87' lang='lat' dir='ltr'><strong>sive</strong></span> <span class='ocrx_word' id='word_1_359' title='bbox 537 2232 666 2258; x_wconf 83' lang='lat' dir='ltr'><strong>amore</strong></span> <span class='ocrx_word' id='word_1_360' title='bbox 685 2222 837 2266; x_wconf 84' lang='lat' dir='ltr'><strong>dignus,</strong></span> 
     </span>
    </p>
   </div>
   <div class='ocr_carea' id='block_1_14' title="bbox 8 2267 839 2322">
    <p class='ocr_par' dir='ltr' id='par_1_16' title="bbox 8 2267 839 2322">
     <span class='ocr_line' id='line_1_43' title="bbox 8 2267 839 2322; baseline 0.002 -18"><span class='ocrx_word' id='word_1_361' title='bbox 8 2279 22 2322; x_wconf 51' lang='lat'><strong>¹,</strong></span> <span class='ocrx_word' id='word_1_362' title='bbox 69 2267 255 2314; x_wconf 75' lang='lat' dir='ltr'><strong>agapitus,</strong></span> <span class='ocrx_word' id='word_1_363' title='bbox 275 2272 311 2304; x_wconf 90' lang='lat' dir='ltr'><strong>et</strong></span> <span class='ocrx_word' id='word_1_364' title='bbox 331 2267 623 2305; x_wconf 77' lang='lat' dir='ltr'><strong>dilectissimus:</strong></span> <span class='ocrx_word' id='word_1_365' title='bbox 647 2269 743 2313; x_wconf 83' lang='lat' dir='ltr'><strong>Quid</strong></span> <span class='ocrx_word' id='word_1_366' title='bbox 766 2270 839 2306; x_wconf 79' lang='lat' dir='ltr'><strong>ita?</strong></span> 
     </span>
    </p>
   </div>
   <div class='ocr_carea' id='block_1_15' title="bbox 68 2312 838 2364">
    <p class='ocr_par' dir='ltr' id='par_1_17' title="bbox 68 2312 838 2364">
     <span class='ocr_line' id='line_1_44' title="bbox 68 2312 838 2364; baseline 0.003 -13"><span class='ocrx_word' id='word_1_367' title='bbox 68 2312 143 2352; x_wconf 75' lang='lat' dir='ltr'><strong>llio</strong></span> <span class='ocrx_word' id='word_1_368' title='bbox 163 2319 219 2351; x_wconf 82' lang='lat' dir='ltr'><strong>est</strong></span> <span class='ocrx_word' id='word_1_369' title='bbox 245 2314 360 2362; x_wconf 84' lang='lat' dir='ltr'><strong>filius,</strong></span> <span class='ocrx_word' id='word_1_370' title='bbox 383 2317 564 2352; x_wconf 87' lang='lat' dir='ltr'><strong>nimirum</strong></span> <span class='ocrx_word' id='word_1_371' title='bbox 593 2327 670 2353; x_wconf 90' lang='lat' dir='ltr'><strong>non</strong></span> <span class='ocrx_word' id='word_1_372' title='bbox 689 2317 838 2364; x_wconf 78' lang='lat' dir='ltr'><strong>adopti-</strong></span> 
     </span>
    </p>
   </div>
   <div class='ocr_carea' id='block_1_16' title="bbox 22 2358 839 2410">
    <p class='ocr_par' dir='ltr' id='par_1_18' title="bbox 22 2358 839 2410">
     <span class='ocr_line' id='line_1_45' title="bbox 22 2358 839 2410; baseline 0.004 -12"><span class='ocrx_word' id='word_1_373' title='bbox 22 2358 31 2388; x_wconf 82' lang='lat'><strong>&#39;·</strong></span> <span class='ocrx_word' id='word_1_374' title='bbox 63 2370 152 2407; x_wconf 62' lang='grc' dir='ltr'><strong>ινιιε,</strong></span> <span class='ocrx_word' id='word_1_375' title='bbox 168 2362 233 2400; x_wconf 82' lang='lat' dir='ltr'><strong>sed</strong></span> <span class='ocrx_word' id='word_1_376' title='bbox 252 2363 446 2410; x_wconf 87' lang='lat' dir='ltr'><strong>proprius;</strong></span> <span class='ocrx_word' id='word_1_377' title='bbox 468 2374 545 2401; x_wconf 92' lang='lat' dir='ltr'><strong>non</strong></span> <span class='ocrx_word' id='word_1_378' title='bbox 565 2364 719 2401; x_wconf 74' lang='lat' dir='ltr'><strong>aliunde</strong></span> <span class='ocrx_word' id='word_1_379' title='bbox 739 2375 839 2402; x_wconf 81' lang='lat' dir='ltr'><strong>crea·</strong></span> 
     </span>
    </p>
   </div>
   <div class='ocr_carea' id='block_1_17' title="bbox 67 2410 838 2457">
    <p class='ocr_par' dir='ltr' id='par_1_19' title="bbox 7 2410 838 2457">
     <span class='ocr_line' id='line_1_46' title="bbox 67 2410 838 2457; baseline 0.004 -10.783"><span class='ocrx_word' id='word_1_380' title='bbox 67 2410 144 2454; x_wconf 63' lang='lat' dir='ltr'><strong>tus,</strong></span> <span class='ocrx_word' id='word_1_381' title='bbox 177 2410 243 2447; x_wconf 82' lang='lat' dir='ltr'><strong>sed</strong></span> <span class='ocrx_word' id='word_1_382' title='bbox 279 2421 324 2447; x_wconf 84' lang='lat' dir='ltr'><strong>ex</strong></span> <span class='ocrx_word' id='word_1_383' title='bbox 365 2422 425 2447; x_wconf 90' lang='lat' dir='ltr'><strong>me</strong></span> <span class='ocrx_word' id='word_1_384' title='bbox 463 2412 634 2457; x_wconf 78' lang='lat' dir='ltr'><strong>genitus3</strong></span> <span class='ocrx_word' id='word_1_385' title='bbox 674 2422 753 2448; x_wconf 89' lang='lat' dir='ltr'><strong>non</strong></span> <span class='ocrx_word' id='word_1_386' title='bbox 791 2413 838 2449; x_wconf 89' lang='lat' dir='ltr'><strong>de</strong></span> 
     </span>
    </p>
   </div>
   <div class='ocr_carea' id='block_1_18' title="bbox 64 2455 837 2606">
    <p class='ocr_par' dir='ltr' id='par_1_20' title="bbox 64 2455 837 2606">
     <span class='ocr_line' id='line_1_47' title="bbox 68 2455 837 2506; baseline 0.004 -13"><span class='ocrx_word' id='word_1_387' title='bbox 68 2455 197 2494; x_wconf 69' lang='lat' dir='ltr'><strong>aliena</strong></span> <span class='ocrx_word' id='word_1_388' title='bbox 215 2462 350 2494; x_wconf 79' lang='lat' dir='ltr'><strong>natura</strong></span> <span class='ocrx_word' id='word_1_389' title='bbox 374 2458 494 2495; x_wconf 80' lang='lat' dir='ltr'><strong>factus</strong></span> <span class='ocrx_word' id='word_1_390' title='bbox 524 2459 616 2495; x_wconf 83' lang='lat' dir='ltr'><strong>mihi</strong></span> <span class='ocrx_word' id='word_1_391' title='bbox 638 2469 837 2506; x_wconf 79' lang='lat' dir='ltr'><strong>compara-</strong></span> 
     </span>
     <span class='ocr_line' id='line_1_48' title="bbox 64 2501 837 2550; baseline 0.005 -10"><span class='ocrx_word' id='word_1_392' title='bbox 64 2501 173 2550; x_wconf 68' lang='lat' dir='ltr'><strong>hilis,</strong></span> <span class='ocrx_word' id='word_1_393' title='bbox 195 2505 261 2541; x_wconf 83' lang='lat' dir='ltr'><strong>sed</strong></span> <span class='ocrx_word' id='word_1_394' title='bbox 280 2506 326 2542; x_wconf 89' lang='lat' dir='ltr'><strong>de</strong></span> <span class='ocrx_word' id='word_1_395' title='bbox 353 2516 436 2542; x_wconf 82' lang='lat' dir='ltr'><strong>mea</strong></span> <span class='ocrx_word' id='word_1_396' title='bbox 455 2508 618 2544; x_wconf 84' lang='lat' dir='ltr'><strong>essentia</strong></span> <span class='ocrx_word' id='word_1_397' title='bbox 638 2507 732 2544; x_wconf 86' lang='lat' dir='ltr'><strong>mibi</strong></span> <span class='ocrx_word' id='word_1_398' title='bbox 765 2518 837 2544; x_wconf 79' lang='lat' dir='ltr'><strong>nn-</strong></span> 
     </span>
     <span class='ocr_line' id='line_1_49' title="bbox 65 2552 836 2606; baseline 0.004 -18"><span class='ocrx_word' id='word_1_399' title='bbox 65 2553 133 2588; x_wconf 68' lang='lat' dir='ltr'><strong>⁴ius</strong></span> <span class='ocrx_word' id='word_1_400' title='bbox 151 2552 318 2606; x_wconf 76' lang='lat' dir='ltr'><strong>aequalis,</strong></span> <span class='ocrx_word' id='word_1_401' title='bbox 341 2553 465 2600; x_wconf 87' lang='lat' dir='ltr'><strong>inquit</strong></span> <span class='ocrx_word' id='word_1_402' title='bbox 483 2559 636 2591; x_wconf 81' lang='lat' dir='ltr'><strong>sanetus</strong></span> <span class='ocrx_word' id='word_1_403' title='bbox 663 2554 747 2591; x_wconf 88' lang='lat' dir='ltr'><strong>Leo.</strong></span> <span class='ocrx_word' id='word_1_404' title='bbox 773 2555 836 2591; x_wconf 89' lang='lat' dir='ltr'><strong>Di-</strong></span> 
     </span>
    </p>
   </div>
   <div class='ocr_carea' id='block_1_19' title="bbox 21 2595 835 2652">
    <p class='ocr_par' dir='ltr' id='par_1_21' title="bbox 21 2595 835 2652">
     <span class='ocr_line' id='line_1_50' title="bbox 21 2595 835 2652; baseline 0.005 -17"><span class='ocrx_word' id='word_1_405' title='bbox 21 2609 29 2617; x_wconf 89' lang='lat'><em>·</em></span> <span class='ocrx_word' id='word_1_406' title='bbox 49 2595 299 2652; x_wconf 62' lang='lat' dir='ltr'><strong>lpotissimus</strong></span> <span class='ocrx_word' id='word_1_407' title='bbox 318 2611 405 2647; x_wconf 86' lang='lat' dir='ltr'><strong>ergo</strong></span> <span class='ocrx_word' id='word_1_408' title='bbox 432 2606 467 2637; x_wconf 85' lang='lat' dir='ltr'><strong>et</strong></span> <span class='ocrx_word' id='word_1_409' title='bbox 499 2612 646 2638; x_wconf 86' lang='lat' dir='ltr'><strong>summe</strong></span> <span class='ocrx_word' id='word_1_410' title='bbox 666 2602 835 2649; x_wconf 80' lang='lat' dir='ltr'><strong>diligibi-</strong></span> 
     </span>
    </p>
   </div>
   <div class='ocr_carea' id='block_1_20' title="bbox 66 2641 836 2981">
    <p class='ocr_par' dir='ltr' id='par_1_22' title="bbox 66 2641 836 2981">
     <span class='ocr_line' id='line_1_51' title="bbox 66 2641 834 2700; baseline 0.004 -16"><span class='ocrx_word' id='word_1_411' title='bbox 66 2641 134 2688; x_wconf 60' lang='grc' dir='ltr'><strong>Μ,</strong></span> <span class='ocrx_word' id='word_1_412' title='bbox 163 2646 251 2700; x_wconf 68' lang='lat' dir='ltr'><strong>quia</strong></span> <span class='ocrx_word' id='word_1_413' title='bbox 280 2648 464 2685; x_wconf 71' lang='lat' dir='ltr'><strong>naturalis</strong></span> <span class='ocrx_word' id='word_1_414' title='bbox 496 2649 612 2693; x_wconf 86' lang='lat' dir='ltr'><strong>filius,</strong></span> <span class='ocrx_word' id='word_1_415' title='bbox 642 2650 733 2696; x_wconf 81' lang='lat' dir='ltr'><strong>quia</strong></span> <span class='ocrx_word' id='word_1_416' title='bbox 764 2650 834 2686; x_wconf 85' lang='lat' dir='ltr'><strong>ho-</strong></span> 
     </span>
     <span class='ocr_line' id='line_1_52' title="bbox 68 2695 836 2746; baseline 0.007 -17"><span class='ocrx_word' id='word_1_417' title='bbox 68 2700 241 2746; x_wconf 67' lang='lat' dir='ltr'><strong>nnusm</strong></span> <span class='ocrx_word' id='word_1_418' title='bbox 276 2700 312 2732; x_wconf 86' lang='lat' dir='ltr'><strong>et</strong></span> <span class='ocrx_word' id='word_1_419' title='bbox 356 2695 711 2741; x_wconf 76' lang='lat' dir='ltr'><strong>consubstantialis,</strong></span> <span class='ocrx_word' id='word_1_420' title='bbox 749 2698 836 2744; x_wconf 84' lang='lat' dir='ltr'><strong>quia</strong></span> 
     </span>
     <span class='ocr_line' id='line_1_53' title="bbox 68 2742 833 2790; baseline 0.008 -14"><span class='ocrx_word' id='word_1_421' title='bbox 68 2747 208 2776; x_wconf 69' lang='lat' dir='ltr'><strong>unicus</strong></span> <span class='ocrx_word' id='word_1_422' title='bbox 231 2745 268 2778; x_wconf 83' lang='lat' dir='ltr'><strong>et</strong></span> <span class='ocrx_word' id='word_1_423' title='bbox 301 2742 529 2789; x_wconf 62' lang='lat' dir='ltr'><strong>unigenum,</strong></span> <span class='ocrx_word' id='word_1_424' title='bbox 552 2745 640 2790; x_wconf 88' lang='lat' dir='ltr'><strong>quia</strong></span> <span class='ocrx_word' id='word_1_425' title='bbox 671 2755 753 2790; x_wconf 66' lang='lat' dir='ltr'><strong>ejus</strong></span> <span class='ocrx_word' id='word_1_426' title='bbox 772 2745 833 2782; x_wconf 89' lang='lat' dir='ltr'><strong>di-</strong></span> 
     </span>
     <span class='ocr_line' id='line_1_54' title="bbox 68 2785 835 2844; baseline 0.01 -23"><span class='ocrx_word' id='word_1_427' title='bbox 68 2785 236 2840; x_wconf 68' lang='lat' dir='ltr'><strong>iectione</strong></span> <span class='ocrx_word' id='word_1_428' title='bbox 254 2790 473 2844; x_wconf 70' lang='lat' dir='ltr'><strong>producitur</strong></span> <span class='ocrx_word' id='word_1_429' title='bbox 498 2792 659 2838; x_wconf 86' lang='lat' dir='ltr'><strong>Spiritus</strong></span> <span class='ocrx_word' id='word_1_430' title='bbox 677 2793 835 2830; x_wconf 78' lang='lat' dir='ltr'><strong>Sanctus</strong></span> 
     </span>
     <span class='ocr_line' id='line_1_55' title="bbox 66 2835 835 2917; baseline 0.01 -49"><span class='ocrx_word' id='word_1_431' title='bbox 66 2843 136 2917; x_wconf 54' lang='lat' dir='ltr'><strong>zm</strong></span> <span class='ocrx_word' id='word_1_432' title='bbox 161 2838 222 2887; x_wconf 30' lang='lat' dir='ltr'><strong>‘est</strong></span> <span class='ocrx_word' id='word_1_433' title='bbox 257 2835 429 2874; x_wconf 76' lang='lat' dir='ltr'><strong>infinitus</strong></span> <span class='ocrx_word' id='word_1_434' title='bbox 465 2850 585 2884; x_wconf 89' lang='lat' dir='ltr'><strong>amor,</strong></span> <span class='ocrx_word' id='word_1_435' title='bbox 612 2845 649 2877; x_wconf 85' lang='lat' dir='ltr'><strong>et</strong></span> <span class='ocrx_word' id='word_1_436' title='bbox 681 2840 835 2878; x_wconf 85' lang='lat' dir='ltr'><strong>dilectio</strong></span> 
     </span>
     <span class='ocr_line' id='line_1_56' title="bbox 99 2882 363 2934; baseline 0.015 -18"><span class='ocrx_word' id='word_1_437' title='bbox 99 2884 192 2917; x_wconf 75' lang='lat' dir='ltr'><strong>atris</strong></span> <span class='ocrx_word' id='word_1_438' title='bbox 207 2885 247 2934; x_wconf 78' lang='lat' dir='ltr'><strong>et</strong></span> <span class='ocrx_word' id='word_1_439' title='bbox 266 2882 363 2920; x_wconf 84' lang='lat' dir='ltr'><strong>Filii.</strong></span> 
     </span>
     <span class='ocr_line' id='line_1_57' title="bbox 118 2927 829 2981; baseline 0.006 -16"><span class='ocrx_word' id='word_1_440' title='bbox 118 2927 256 2966; x_wconf 76' lang='lat' dir='ltr'><strong>Tertio.</strong></span> <span class='ocrx_word' id='word_1_441' title='bbox 274 2942 292 2961; x_wconf 73' lang='lat' dir='ltr'><strong>«r</strong></span> <span class='ocrx_word' id='word_1_442' title='bbox 304 2931 348 2967; x_wconf 87' lang='lat' dir='ltr'><strong>ln</strong></span> <span class='ocrx_word' id='word_1_443' title='bbox 369 2940 442 2978; x_wconf 68' lang='lat' dir='ltr'><strong>quo</strong></span> <span class='ocrx_word' id='word_1_444' title='bbox 460 2933 556 2970; x_wconf 76' lang='lat' dir='ltr'><strong>mihi</strong></span> <span class='ocrx_word' id='word_1_445' title='bbox 576 2934 803 2981; x_wconf 80' lang='lat' dir='ltr'><strong>complacui.</strong></span> <span class='ocrx_word' id='word_1_446' title='bbox 815 2951 829 2969; x_wconf 64' lang='lat' dir='ltr'>n</span> 
     </span>
    </p>
   </div>
   <div class='ocr_carea' id='block_1_21' title="bbox 873 2221 1644 2981">
    <p class='ocr_par' dir='ltr' id='par_1_23' title="bbox 873 2221 1644 2981">
     <span class='ocr_line' id='line_1_58' title="bbox 878 2221 1642 2267; baseline 0.001 -9"><span class='ocrx_word' id='word_1_447' title='bbox 878 2222 1036 2259; x_wconf 79' lang='lat' dir='ltr'><strong>hostiam</strong></span> <span class='ocrx_word' id='word_1_448' title='bbox 1060 2227 1095 2258; x_wconf 83' lang='lat' dir='ltr'><strong>et</strong></span> <span class='ocrx_word' id='word_1_449' title='bbox 1116 2222 1306 2258; x_wconf 80' lang='lat' dir='ltr'><strong>victimam</strong></span> <span class='ocrx_word' id='word_1_450' title='bbox 1334 2221 1428 2258; x_wconf 89' lang='lat' dir='ltr'><strong>mihi</strong></span> <span class='ocrx_word' id='word_1_451' title='bbox 1449 2222 1642 2267; x_wconf 85' lang='lat' dir='ltr'><strong>constitui,</strong></span> 
     </span>
     <span class='ocr_line' id='line_1_59' title="bbox 877 2269 1643 2311; baseline 0 -5"><span class='ocrx_word' id='word_1_452' title='bbox 877 2273 917 2306; x_wconf 85' lang='lat' dir='ltr'><strong>ut</strong></span> <span class='ocrx_word' id='word_1_453' title='bbox 950 2269 1125 2306; x_wconf 87' lang='lat' dir='ltr'><strong>homines</strong></span> <span class='ocrx_word' id='word_1_454' title='bbox 1164 2269 1407 2306; x_wconf 86' lang='lat' dir='ltr'><strong>reconciliem</strong></span> <span class='ocrx_word' id='word_1_455' title='bbox 1448 2269 1562 2311; x_wconf 86' lang='lat' dir='ltr'><strong>mihi;</strong></span> <span class='ocrx_word' id='word_1_456' title='bbox 1603 2269 1643 2306; x_wconf 93' lang='lat' dir='ltr'><strong>in</strong></span> 
     </span>
     <span class='ocr_line' id='line_1_60' title="bbox 876 2317 1644 2363; baseline 0 -10"><span class='ocrx_word' id='word_1_457' title='bbox 876 2326 988 2363; x_wconf 84' lang='lat' dir='ltr'><strong>quam</strong></span> <span class='ocrx_word' id='word_1_458' title='bbox 1009 2327 1095 2353; x_wconf 90' lang='lat' dir='ltr'><strong>cum</strong></span> <span class='ocrx_word' id='word_1_459' title='bbox 1118 2318 1280 2361; x_wconf 85' lang='lat' dir='ltr'><strong>intueor,</strong></span> <span class='ocrx_word' id='word_1_460' title='bbox 1301 2328 1455 2353; x_wconf 86' lang='lat' dir='ltr'><strong>omnem</strong></span> <span class='ocrx_word' id='word_1_461' title='bbox 1490 2317 1584 2353; x_wconf 80' lang='lat' dir='ltr'><strong>imm</strong></span> <span class='ocrx_word' id='word_1_462' title='bbox 1605 2321 1644 2353; x_wconf 87' lang='lat' dir='ltr'><strong>et</strong></span> 
     </span>
     <span class='ocr_line' id='line_1_61' title="bbox 875 2364 1640 2411; baseline -0.001 -10"><span class='ocrx_word' id='word_1_463' title='bbox 875 2364 1124 2401; x_wconf 82' lang='lat' dir='ltr'><strong>offensionem</strong></span> <span class='ocrx_word' id='word_1_464' title='bbox 1156 2365 1318 2411; x_wconf 89' lang='lat' dir='ltr'><strong>depono.</strong></span> <span class='ocrx_word' id='word_1_465' title='bbox 1354 2365 1449 2400; x_wconf 85' lang='lat' dir='ltr'><strong>Deus</strong></span> <span class='ocrx_word' id='word_1_466' title='bbox 1481 2375 1567 2410; x_wconf 78' lang='lat' dir='ltr'><strong>ergo</strong></span> <span class='ocrx_word' id='word_1_467' title='bbox 1599 2364 1640 2401; x_wconf 91' lang='lat' dir='ltr'><strong>in</strong></span> 
     </span>
     <span class='ocr_line' id='line_1_62' title="bbox 875 2408 1644 2459; baseline 0 -11"><span class='ocrx_word' id='word_1_468' title='bbox 875 2412 1021 2449; x_wconf 86' lang='lat' dir='ltr'><strong>Christo</strong></span> <span class='ocrx_word' id='word_1_469' title='bbox 1052 2412 1124 2449; x_wconf 89' lang='lat' dir='ltr'><strong>sibi</strong></span> <span class='ocrx_word' id='word_1_470' title='bbox 1155 2412 1398 2458; x_wconf 84' lang='lat' dir='ltr'><strong>complacuit.</strong></span> <span class='ocrx_word' id='word_1_471' title='bbox 1428 2408 1525 2448; x_wconf 83' lang='lat' dir='ltr'><strong>‘rum</strong></span> <span class='ocrx_word' id='word_1_472' title='bbox 1556 2411 1644 2459; x_wconf 79' lang='lat' dir='ltr'><strong>quia</strong></span> 
     </span>
     <span class='ocr_line' id='line_1_63' title="bbox 876 2459 1644 2505; baseline -0.001 -9"><span class='ocrx_word' id='word_1_473' title='bbox 876 2465 915 2496; x_wconf 86' lang='lat' dir='ltr'><strong>ut</strong></span> <span class='ocrx_word' id='word_1_474' title='bbox 952 2460 1072 2496; x_wconf 82' lang='lat' dir='ltr'><strong>filium</strong></span> <span class='ocrx_word' id='word_1_475' title='bbox 1105 2459 1255 2496; x_wconf 83' lang='lat' dir='ltr'><strong>infinito</strong></span> <span class='ocrx_word' id='word_1_476' title='bbox 1289 2470 1417 2495; x_wconf 83' lang='lat' dir='ltr'><strong>amore</strong></span> <span class='ocrx_word' id='word_1_477' title='bbox 1448 2459 1586 2505; x_wconf 82' lang='lat' dir='ltr'><strong>diligit,</strong></span> <span class='ocrx_word' id='word_1_478' title='bbox 1607 2464 1644 2496; x_wconf 88' lang='lat' dir='ltr'><strong>et</strong></span> 
     </span>
     <span class='ocr_line' id='line_1_64' title="bbox 875 2507 1641 2553; baseline 0 -10"><span class='ocrx_word' id='word_1_479' title='bbox 875 2507 915 2544; x_wconf 89' lang='lat' dir='ltr'><strong>in</strong></span> <span class='ocrx_word' id='word_1_480' title='bbox 936 2519 980 2544; x_wconf 87' lang='lat' dir='ltr'><strong>eo</strong></span> <span class='ocrx_word' id='word_1_481' title='bbox 1002 2512 1100 2543; x_wconf 86' lang='lat' dir='ltr'><strong>totns</strong></span> <span class='ocrx_word' id='word_1_482' title='bbox 1130 2507 1402 2553; x_wconf 82' lang='lat' dir='ltr'><strong>complacendo</strong></span> <span class='ocrx_word' id='word_1_483' title='bbox 1429 2507 1641 2553; x_wconf 86' lang='lat' dir='ltr'><strong>requiescit.</strong></span> 
     </span>
     <span class='ocr_line' id='line_1_65' title="bbox 875 2554 1642 2601; baseline -0.001 -10"><span class='ocrx_word' id='word_1_484' title='bbox 875 2555 970 2591; x_wconf 85' lang='lat' dir='ltr'><strong>Tum</strong></span> <span class='ocrx_word' id='word_1_485' title='bbox 991 2555 1079 2601; x_wconf 82' lang='lat' dir='ltr'><strong>quia</strong></span> <span class='ocrx_word' id='word_1_486' title='bbox 1104 2566 1170 2601; x_wconf 84' lang='lat' dir='ltr'><strong>per</strong></span> <span class='ocrx_word' id='word_1_487' title='bbox 1202 2555 1310 2590; x_wconf 88' lang='lat' dir='ltr'><strong>illum</strong></span> <span class='ocrx_word' id='word_1_488' title='bbox 1343 2554 1468 2590; x_wconf 74' lang='lat' dir='ltr'><strong>solum</strong></span> <span class='ocrx_word' id='word_1_489' title='bbox 1500 2554 1642 2600; x_wconf 77' lang='lat' dir='ltr'><strong>placuit</strong></span> 
     </span>
     <span class='ocr_line' id='line_1_66' title="bbox 875 2601 1642 2643; baseline 0 -5"><span class='ocrx_word' id='word_1_490' title='bbox 875 2602 931 2638; x_wconf 91' lang='lat' dir='ltr'><strong>illi</strong></span> <span class='ocrx_word' id='word_1_491' title='bbox 961 2602 1154 2639; x_wconf 81' lang='lat' dir='ltr'><strong>hominem</strong></span> <span class='ocrx_word' id='word_1_492' title='bbox 1188 2602 1386 2643; x_wconf 78' lang='lat' dir='ltr'><strong>redimere,</strong></span> <span class='ocrx_word' id='word_1_493' title='bbox 1408 2606 1443 2638; x_wconf 87' lang='lat' dir='ltr'><strong>et</strong></span> <span class='ocrx_word' id='word_1_494' title='bbox 1476 2601 1548 2638; x_wconf 88' lang='lat' dir='ltr'><strong>sibi</strong></span> <span class='ocrx_word' id='word_1_495' title='bbox 1581 2612 1642 2638; x_wconf 88' lang='lat' dir='ltr'><strong>re-</strong></span> 
     </span>
     <span class='ocr_line' id='line_1_67' title="bbox 874 2649 1642 2696; baseline 0 -10"><span class='ocrx_word' id='word_1_496' title='bbox 874 2650 1092 2686; x_wconf 86' lang='lat' dir='ltr'><strong>conciliare.</strong></span> <span class='ocrx_word' id='word_1_497' title='bbox 1114 2650 1210 2686; x_wconf 89' lang='lat' dir='ltr'><strong>Tum</strong></span> <span class='ocrx_word' id='word_1_498' title='bbox 1245 2650 1332 2696; x_wconf 86' lang='lat' dir='ltr'><strong>quia</strong></span> <span class='ocrx_word' id='word_1_499' title='bbox 1366 2650 1404 2684; x_wconf 91' lang='lat' dir='ltr'><strong>in</strong></span> <span class='ocrx_word' id='word_1_500' title='bbox 1438 2649 1519 2694; x_wconf 83' lang='lat' dir='ltr'><strong>ejus</strong></span> <span class='ocrx_word' id='word_1_501' title='bbox 1548 2649 1642 2686; x_wconf 86' lang='lat' dir='ltr'><strong>obe-</strong></span> 
     </span>
     <span class='ocr_line' id='line_1_68' title="bbox 873 2696 1643 2740; baseline 0 -7"><span class='ocrx_word' id='word_1_502' title='bbox 873 2698 1031 2740; x_wconf 84' lang='lat' dir='ltr'><strong>dientia,</strong></span> <span class='ocrx_word' id='word_1_503' title='bbox 1049 2696 1276 2740; x_wconf 78' lang='lat' dir='ltr'><strong>humilitate,</strong></span> <span class='ocrx_word' id='word_1_504' title='bbox 1292 2696 1490 2733; x_wconf 82' lang='lat' dir='ltr'><strong>sanctitate</strong></span> <span class='ocrx_word' id='word_1_505' title='bbox 1503 2696 1643 2733; x_wconf 88' lang='lat' dir='ltr'><strong>eximie</strong></span> 
     </span>
     <span class='ocr_line' id='line_1_69' title="bbox 873 2744 1642 2790; baseline -0.001 -9"><span class='ocrx_word' id='word_1_506' title='bbox 873 2744 1082 2781; x_wconf 79' lang='lat' dir='ltr'><strong>oblectatus</strong></span> <span class='ocrx_word' id='word_1_507' title='bbox 1113 2748 1181 2780; x_wconf 88' lang='lat' dir='ltr'><strong>est.</strong></span> <span class='ocrx_word' id='word_1_508' title='bbox 1214 2745 1310 2780; x_wconf 91' lang='lat' dir='ltr'><strong>Tum</strong></span> <span class='ocrx_word' id='word_1_509' title='bbox 1342 2744 1521 2790; x_wconf 76' lang='lat' dir='ltr'><strong>denique,</strong></span> <span class='ocrx_word' id='word_1_510' title='bbox 1554 2744 1642 2790; x_wconf 79' lang='lat' dir='ltr'><strong>quin</strong></span> 
     </span>
     <span class='ocr_line' id='line_1_70' title="bbox 873 2791 1641 2838; baseline -0.001 -9"><span class='ocrx_word' id='word_1_511' title='bbox 873 2803 1007 2829; x_wconf 86' lang='lat' dir='ltr'><strong>omnes</strong></span> <span class='ocrx_word' id='word_1_512' title='bbox 1027 2793 1089 2838; x_wconf 79' lang='lat' dir='ltr'><strong>qui</strong></span> <span class='ocrx_word' id='word_1_513' title='bbox 1126 2792 1199 2828; x_wconf 88' lang='lat' dir='ltr'><strong>Deo</strong></span> <span class='ocrx_word' id='word_1_514' title='bbox 1234 2792 1401 2838; x_wconf 79' lang='lat' dir='ltr'><strong>placent,</strong></span> <span class='ocrx_word' id='word_1_515' title='bbox 1424 2802 1489 2837; x_wconf 78' lang='lat' dir='ltr'><strong>pei·</strong></span> <span class='ocrx_word' id='word_1_516' title='bbox 1510 2791 1641 2828; x_wconf 83' lang='lat' dir='ltr'><strong>Chris-</strong></span> 
     </span>
     <span class='ocr_line' id='line_1_71' title="bbox 875 2838 1642 2885; baseline 0 -9"><span class='ocrx_word' id='word_1_517' title='bbox 875 2845 953 2876; x_wconf 90' lang='lat' dir='ltr'><strong>tum</strong></span> <span class='ocrx_word' id='word_1_518' title='bbox 975 2840 1147 2885; x_wconf 80' lang='lat' dir='ltr'><strong>placent:</strong></span> <span class='ocrx_word' id='word_1_519' title='bbox 1165 2844 1201 2874; x_wconf 89' lang='lat' dir='ltr'><strong>et</strong></span> <span class='ocrx_word' id='word_1_520' title='bbox 1220 2840 1283 2884; x_wconf 84' lang='lat' dir='ltr'><strong>qui</strong></span> <span class='ocrx_word' id='word_1_521' title='bbox 1306 2838 1453 2875; x_wconf 85' lang='lat' dir='ltr'><strong>Christo</strong></span> <span class='ocrx_word' id='word_1_522' title='bbox 1475 2838 1642 2884; x_wconf 77' lang='lat' dir='ltr'><strong>placent,</strong></span> 
     </span>
     <span class='ocr_line' id='line_1_72' title="bbox 874 2886 1641 2934; baseline 0.001 -12"><span class='ocrx_word' id='word_1_523' title='bbox 874 2888 1025 2934; x_wconf 83' lang='lat' dir='ltr'><strong>placent</strong></span> <span class='ocrx_word' id='word_1_524' title='bbox 1053 2892 1089 2923; x_wconf 87' lang='lat' dir='ltr'><strong>et</strong></span> <span class='ocrx_word' id='word_1_525' title='bbox 1110 2887 1196 2932; x_wconf 89' lang='lat' dir='ltr'><strong>ipsi.</strong></span> <span class='ocrx_word' id='word_1_526' title='bbox 1220 2887 1263 2922; x_wconf 82' lang='lat' dir='ltr'><strong>Et</strong></span> <span class='ocrx_word' id='word_1_527' title='bbox 1296 2886 1402 2922; x_wconf 89' lang='lat' dir='ltr'><strong>nulla</strong></span> <span class='ocrx_word' id='word_1_528' title='bbox 1433 2891 1488 2922; x_wconf 88' lang='lat' dir='ltr'><strong>est</strong></span> <span class='ocrx_word' id='word_1_529' title='bbox 1509 2887 1641 2931; x_wconf 78' lang='lat' dir='ltr'><strong>virtus,</strong></span> 
     </span>
     <span class='ocr_line' id='line_1_73' title="bbox 873 2934 1643 2981; baseline 0 -10"><span class='ocrx_word' id='word_1_530' title='bbox 873 2935 980 2971; x_wconf 83' lang='lat' dir='ltr'><strong>nulla</strong></span> <span class='ocrx_word' id='word_1_531' title='bbox 1012 2935 1207 2979; x_wconf 83' lang='lat' dir='ltr'><strong>sanctitas,</strong></span> <span class='ocrx_word' id='word_1_532' title='bbox 1239 2934 1345 2970; x_wconf 82' lang='lat' dir='ltr'><strong>nulla</strong></span> <span class='ocrx_word' id='word_1_533' title='bbox 1378 2934 1525 2980; x_wconf 83' lang='lat' dir='ltr'><strong>merita,</strong></span> <span class='ocrx_word' id='word_1_534' title='bbox 1558 2942 1643 2981; x_wconf 69' lang='lat' dir='ltr'><strong>qun</strong></span> 
     </span>
    </p>
   </div>
  </div>
 </body>
</html>
