1858 3146
181 169 268 215 610.

237 260 280 298 5⁰
300 256 336 296 A
356 268 469 297 cause
488 254 535 296 de
551 268 597 296 sa
615 255 770 310 qualite
797 255 846 296 de
870 258 1005 310 pretre
1029 255 1194 310 par-fait
1224 261 1262 298 et
1289 255 1335 297 de
1366 256 1522 297 victime
1554 258 1754 312 par-faite.

185 323 358 364 Comme
376 322 530 374 pretre,
559 335 579 360 (ι
599 333 669 361 car
687 320 720 360 il
738 322 842 362 etait
858 321 956 362 bien
976 321 1245 361 raisonnable
1265 333 1347 374 que
1367 334 1473 362 nous
1491 323 1679 363 eussions
1698 336 1757 364 un

183 386 349 440 pontife
386 398 550 426 comme
589 386 767 435 celui-ci,
805 386 930 433 saint,
954 386 1170 435 innocent,
1205 398 1301 426 sans
1334 386 1471 437 tache,
1505 390 1649 440 separe
1686 388 1758 429 des

183 452 403 506 pecheurs,
440 451 513 503 qui
549 464 604 491 ne
636 451 702 491 fut
733 452 854 504 point
893 451 1050 503 oblige,
1085 463 1248 492 comme
1285 452 1344 491 les
1382 455 1522 492 autres
1557 453 1755 505 pontifes,

185 515 348 556 d'ofi'rir·
377 519 472 556 tous
502 515 560 556 les
587 516 708 568 jours
739 516 811 556 des
843 517 1047 566 victimes,
1070 516 1398 569 premierement
1430 529 1536 568 pour
1564 530 1626 557 ses
1658 530 1757 570 pro-

183 594 280 635 pres
316 582 483 634 peches,
505 584 547 621 et
583 582 747 621 ensuite
775 594 883 634 pour
914 594 1020 622 ceux
1060 582 1115 622 du
1149 581 1316 634 peuple.
1345 581 1489 634 (Hebr.
1525 593 1597 634 vn,
1632 584 1684 623 26
1716 586 1758 623 et

185 646 272 700 27.)
285 661 304 685 »

239 711 535 760 „Iesus-Christ,
554 712 697 751 Pretre
718 712 922 763 Supremo
941 715 983 752 et
1001 713 1282 752 Intercesseur
1300 712 1519 764 accompli‚
1534 725 1560 752 a
1574 712 1682 753 donc
1693 714 1760 754 ete

186 779 332 830 separe
352 778 423 817 des
442 778 657 829 pecheurs‚
683 776 942 817 c'est-ii-dire
974 777 1026 817 de
1058 778 1167 818 leurs
1199 790 1355 817 moeurs
1387 781 1429 817 et
1461 778 1511 817 de
1542 778 1635 818 leur
1675 778 1756 828 vie,

187 842 276 882 loin
295 842 346 882 de
366 844 482 882 toute
501 842 622 881 tache
642 842 699 881 du
719 842 863 893 peche,
887 843 1229 882 non-seulement
1242 855 1295 882 en
1310 842 1463 892 action,
1485 843 1593 882 mais
1608 854 1760 884 encore

187 919 241 947 en
272 907 503 959 puissauce.
538 906 572 946 Il
604 907 673 945 n'a
705 919 777 958 pas
808 919 865 959 pu
897 907 1065 959 pecher‚
1087 908 1169 947 asin
1204 907 1255 947 de
1286 907 1465 959 pouvoir
1496 908 1762 961 s’interposer

187 983 287 1012 avec
307 971 495 1010 d’autant
514 971 608 1023 plus
629 971 874 1011 d’efficacite
895 984 1002 1022 pour
1021 985 1331 1024 nou5‚pauvres
1344 972 1764 1026 pecheurs,lorsqu'il

187 1035 518 1088 s'approcherait
549 1035 600 1075 de
621 1047 694 1074 son
727 1036 832 1075 Pere
864 1048 972 1088 pour
1002 1036 1237 1076 intercedet·
1269 1049 1345 1088 par
1364 1036 1579 1077 lui-meme
1612 1039 1762 1090 aupres

187 1101 239 1141 de
258 1100 334 1139 lui.

250 1166 314 1205 En
343 1168 434 1205 tant
460 1177 541 1217 que
561 1165 745 1215 victime,
765 1165 794 1204 il
821 1165 960 1205 devait
979 1165 1067 1206 etre
1088 1178 1168 1218 pur
1188 1166 1238 1206 de
1270 1169 1362 1206 tout
1389 1166 1519 1219 peche
1550 1166 1656 1207 celui
1692 1167 1765 1220 qui

187 1229 329 1271 devait
347 1232 437 1271 etre
468 1230 637 1270 victime
668 1242 775 1282 pour
806 1235 902 1270 tous
933 1230 993 1270 les
1023 1231 1176 1283 peches
1205 1231 1261 1271 du
1295 1232 1464 1272 monile.
1499 1232 1622 1272 Aussi
1653 1233 1765 1274 saint

185 1296 495 1347 Jean-Baptiste
516 1295 686 1335 disait-il
707 1295 757 1335 de
777 1295 837 1335 lui
860 1295 986 1350 (dean.
1009 1307 1036 1346 1,
1055 1295 1118 1348 29)
1146 1309 1155 1335 :
1181 1312 1201 1333 «
1215 1296 1554 1348 Voicil'Agneau
1570 1297 1620 1337 de
1634 1297 1760 1348 Dieu;

187 1361 297 1401 voici
316 1360 422 1400 celui
444 1361 517 1412 qui
536 1362 603 1401 ote
623 1360 682 1400 les
701 1361 853 1413 peches
875 1361 931 1401 du
951 1361 1121 1401 monde.
1148 1378 1166 1398 »
1202 1362 1310 1402 C'est
1342 1375 1400 1401 un
1432 1364 1609 1414 Agneau
1639 1374 1765 1415 parce

187 1425 290 1479 qu'il
310 1438 362 1466 en
383 1438 408 1465 a
428 1426 703 1475 l'innocence,
727 1426 825 1466 c’est
843 1439 901 1466 un
922 1431 1101 1478 Agneau
1122 1439 1243 1479 parce
1266 1427 1367 1479 qu’il
1382 1431 1442 1467 est
1457 1428 1618 1468 destine
1639 1430 1663 1468 ε),
1677 1429 1766 1470 etro

187 1491 373 1531 victime.
387 1492 439 1531 Et
453 1491 593 1543 quelle
606 1491 801 1531 victime?
815 1491 929 1532 'Pelle
947 1491 1099 1544 qu’elle
1110 1492 1224 1531 avait
1238 1494 1304 1532 ete
1319 1494 1531 1533 annoncee
1544 1506 1597 1533 en
1609 1493 1761 1546 figure.

191 1572 212 1594 «
233 1558 307 1597 Cet
327 1568 494 1609 agneau
514 1569 606 1596 sera
625 1569 720 1596 sans
740 1557 879 1608 tache,
901 1571 921 1594 »
948 1557 1071 1597 disait
1090 1557 1194 1597 Dieu
1215 1559 1240 1596 εὶ
1259 1558 1388 1597 Mo‘ise
1420 1557 1575 1609 (Ex-od.
1608 1569 1681 1609 ΧΠ,
1704 1557 1762 1612 ὅ.)

189 1635 210 1658 α
232 1622 347 1662 Vous
365 1633 465 1661 avez
479 1623 546 1661 ete
566 1622 771 1672 rachetes‚
795 1622 858 1661 dit
877 1622 990 1661 saint
1011 1622 1168 1670 Pierre,
1191 1634 1266 1674 par
1285 1622 1324 1662 le
1344 1622 1544 1674 preoieux
1572 1635 1680 1675 sang
1713 1623 1765 1664 de

184 1686 466 1727 lesus-Christ
485 1698 647 1726 comme
667 1686 718 1725 de
739 1686 798 1726 l'A
808 1698 948 1739 gneau
968 1699 1065 1726 sans
1086 1687 1207 1727 tache
1227 1690 1269 1726 et
1282 1699 1378 1726 sans
1399 1687 1560 1727 defaut.
1584 1687 1620 1740 (1
1647 1687 1764 1728 Petr.

187 1761 217 1801 1,
240 1750 324 1804 10.)
347 1767 365 1787 n
389 1751 510 1791 Saint
531 1751 633 1791 Paul
652 1751 769 1803 parle
791 1764 845 1791 cn
864 1764 930 1791 ces
961 1756 1119 1791 termes
1139 1751 1190 1791 de
1219 1754 1324 1792 cette
1356 1753 1524 1792 victime
1543 1751 1683 1804 (Hebr.
1704 1765 1762 1804 1x,

190 1817 240 1857 13
260 1819 303 1856 et
326 1815 389 1868 14)
414 1828 422 1854 :
448 1831 467 1852 «
490 1815 593 1856 Sile
613 1828 721 1867 sang
754 1816 880 1856 d'une
915 1817 1080 1868 genisse
1110 1816 1302 1869 repandu
1334 1816 1525 1857 sanctific
1557 1829 1665 1858 ceux
1693 1819 1767 1871 qui

189 1884 264 1921 ont
283 1882 350 1920 ete
370 1880 540 1920 souilles
559 1893 611 1920 en
625 1880 717 1920 leur
739 1880 927 1920 donnant
946 1893 1030 1921 une
1050 1883 1201 1934 purete
1221 1882 1457 1922 exterieure
1478 1885 1519 1922 et
1533 1882 1763 1934 charnelle,

188 1944 381 1986 combien
401 1945 496 1998 plus
515 1944 554 1985 le
574 1957 682 1997 sang
701 1945 752 1985 de
770 1946 1053 1987 Jesus-Christ
1073 1946 1146 1999 qui
1175 1958 1252 1998 par
1284 1947 1323 1987 le
1356 1947 1643 2000 Saint-Esprit
1670 1947 1768 1990 s’est

608 178 658 207 LE
686 177 890 209 RATIONAI,
915 178 990 208 DES
1021 169 1335 208 PREDICATEURS.

235 2083 271 2118 5.
295 2098 308 2114 «ι
333 2082 390 2118 Ob
425 2082 609 2118 rationem
642 2083 797 2129 perfecti
830 2094 958 2119 Sacer-

997 2083 1096 2129 apud
1119 2083 1278 2120 Patrem.
1302 2085 1354 2120 Ex
1386 2084 1530 2121 ratione
1550 2085 1663 2122 etiam
1685 2086 1763 2124 vic-

187 2129 294 2176 dotii,
318 2134 353 2165 et
386 2130 560 2176 perfectae
581 2130 755 2167 victimae.
773 2146 785 2164 κ
813 2131 866 2166 Ex
897 2142 957 2167 ra-

999 2131 1100 2167 tium·
1141 2132 1282 2176 puritas
1319 2131 1366 2168 ab
1399 2133 1503 2168 omni
1569 2137 1696 2171 cecato
1729 2133 1765 2171 ei

187 2177 292 2214 tione
314 2178 466 2224 quidem
489 2178 703 2222 sacerdotii,
724 2178 811 2225 quia
835 2194 847 2210 «
874 2179 958 2214 talis

187 2224 345 2262 decebat
389 2230 428 2261 ut
474 2230 570 2261 osset
613 2225 724 2262 nobis
771 2226 956 2272 Pontifex,

188 2277 356 2315 sanctus,
390 2273 590 2317 innocens,
627 2273 863 2320 impollutus,
896 2284 957 2309 sc-

190 2324 365 2404 {regatus
384 2331 406 2356 a
425 2320 698 2367 peccatoribus,
715 2321 777 2368 qui
798 2331 875 2357 non
898 2321 956 2357 ha-

217 2371 253 2404 et
276 2367 537 2404 necessitatem
573 2369 753 2415 quotidie,
775 2369 956 2415 quemad-

188 2414 343 2452 modum
377 2415 608 2459 sacerdotes,
640 2417 743 2462 prius
779 2427 846 2463 pro
878 2417 957 2453 suis

188 2462 338 2546 deiictlis
373 2462 514 2499 hostias
546 2463 855 2509 oli'e1·rc,‹ieindo
890 2475 956 2511 pro

216 2521 238 2547 0
269 2520 290 2547 u
311 2521 335 2546 r.
356 2525 369 2542 n

190 2521 214 2557 p
235 2558 457 2605 segregatus
478 2568 565 2604 crgo
596 2557 664 2593 suit
697 2557 867 2595 Christus
898 2568 957 2595 su-

216 2615 342 2642 remus
373 2605 566 2649 Sacerdos,
594 2610 624 2641 et
688 2606 957 2643 crsectissimus

219 2652 412 2700 ropiliator
431 2664 452 2689 (ι
474 2652 658 2699 peccatori
678 2663 747 2700 ms,
771 2653 841 2690 hoc
861 2657 916 2691 est
935 2665 955 2690 a

189 2699 360 2738 moribus
378 2704 414 2736 ct
435 2701 508 2737 vita
528 2705 783 2748 peccatorum,
805 2700 851 2737 nb
872 2711 955 2738 om-

187 2747 304 2795 nique
336 2747 445 2784 sorde
485 2747 626 2794 pcccati
667 2748 955 2793 remotissimus,

189 2805 267 2832 non
301 2795 424 2832 solum
462 2800 561 2838 actu,
598 2796 661 2831 sed
694 2800 728 2832 ct
762 2801 953 2843 potestate.

189 2841 274 2880 Non
306 2843 409 2879 enim
446 2843 514 2879 suit
549 2846 682 2890 potens
714 2854 884 2890 peccaro,
918 2847 956 2880 ut

188 2893 294 2927 tanto
314 2889 506 2927 efficacius
535 2895 659 2937 posset
687 2901 727 2927 se
758 2902 824 2938 pro
846 2890 956 2928 nobis

189 2936 449 2983 peccatoribus
483 2938 581 2975 inter
609 2948 736 2984 onero,
769 2938 956 2977 accedens

187 2994 254 3031 per
297 2996 337 3023 se
381 2985 505 3034 ipsum
549 2997 570 3023 a
634 2985 954 3036 interpellandum

998 2179 1240 2222 congruebat,
1264 2179 1350 2226 quia
1384 2179 1462 2226 ipsc
1494 2180 1540 2216 de
1568 2180 1652 2217 ebat
1683 2192 1764 2219 esse

999 2227 1149 2263 victima
1170 2237 1236 2273 pro
1272 2228 1384 2263 totius
1418 2228 1552 2264 mundi
1585 2229 1761 2274 pcccatis.

999 2274 1195 2320 Propterea
1209 2274 1255 2310 de
1276 2275 1355 2321 ipso
1373 2274 1467 2311 dixit
1481 2279 1634 2311 sanctus
1653 2276 1763 2313 Joun-

997 2332 1063 2357 nos
1087 2332 1094 2357 :
1119 2337 1132 2354 «ι
1166 2322 1261 2358 Ecce
1299 2323 1424 2369 Agnus
1466 2323 1543 2369 Dei,
1577 2333 1665 2359 ecce
1698 2324 1764 2370 qui

998 2369 1096 2405 tollit
1120 2374 1314 2415 peccalum
1343 2369 1489 2406 mundi.
1508 2384 1521 2403 υ
1546 2371 1673 2416 Agnus
1693 2375 1761 2417 ost,

996 2417 1084 2462 quia
1116 2417 1301 2453 innocens
1333 2421 1400 2453 est.
1425 2417 1551 2462 Agnus
1583 2422 1653 2463 est,
1674 2418 1763 2466 quia

997 2464 1148 2500 victima
1168 2475 1249 2500 csso
1269 2464 1440 2501 debebat.

1042 2512 1110 2547 Sed
1148 2512 1269 2558 qualis
1300 2512 1476 2549 victima?
1509 2512 1610 2550 Talis
1641 2513 1762 2559 qualis

996 2559 1328 2605 prmsigniticatum
1386 2564 1464 2596 crat
1515 2560 1553 2597 in
1593 2560 1712 2607 figura
1750 2572 1759 2598 :

1000 2619 1014 2636 α
1038 2607 1115 2643 Erit
1155 2608 1281 2653 Agnus
1319 2607 1402 2644 sine
1435 2607 1595 2644 macuta.
1616 2622 1629 2640 ι»
1657 2607 1763 2646 Unde

995 2658 1030 2689 ct
1063 2659 1215 2691 sanctus
1252 2655 1380 2691 Petrus
1403 2665 1410 2691 :
1432 2669 1444 2687 c«
1471 2654 1546 2692 Nos
1576 2655 1763 2702 redempti

995 2711 1126 2737 sumus
1153 2702 1336 2749 sunguine
1368 2702 1519 2748 Christi,
1541 2702 1646 2749 quusi
1667 2703 1763 2750 Agni

996 2748 1228 2786 immaculati
1264 2754 1299 2786 ct
1333 2749 1636 2787 incontaminati.
1663 2764 1677 2783 »
1708 2751 1762 2788 De

995 2805 1067 2842 qua
1088 2797 1240 2834 victima
1260 2798 1372 2834 etiam
1393 2796 1530 2834 dieitur
1551 2808 1559 2833 :
1583 2811 1597 2829 «
1619 2797 1655 2834 Si
1677 2808 1762 2836 san-

993 2843 1078 2889 guis
1132 2844 1258 2882 vitulae
1314 2854 1489 2891 uspersus
1543 2844 1761 2892 inquinatos

994 2890 1203 2928 sanctificat
1220 2891 1267 2928 ad
1289 2892 1599 2929 emundationem
1619 2893 1744 2931 carnis
1764 2926 1767 2929 ,

993 2942 1134 2985 quanto
1174 2939 1292 2986 magis
1329 2939 1483 2986 sanguis
1514 2939 1666 2985 Christi,
1695 2919 1762 2988 qui

992 2996 1058 3035 per
1077 2986 1259 3035 Spiritum
1277 2987 1460 3026 Sanctum
1480 2997 1520 3027 se
1542 2987 1679 3027 obtulit
1690 2987 1765 3027 im-
