1858 3146
177 113 255 152 202

177 203 274 240 5661
291 203 335 239 et
352 204 524 239 convert
542 199 594 239 de
612 199 808 248 cailloux‚
832 200 981 250 hesite,
1005 198 1222 239 6116666116
1242 201 1281 238 61
1302 209 1346 238 56
1377 199 1527 238 trouve
1555 197 1748 251 toujours

177 276 250 304 sur
268 263 307 304 le
325 263 447 316 point
464 264 515 304 (16
535 264 712 305 tomber.
742 264 1064 317 L'indignation
1083 262 1292 316 profonde
1312 275 1395 316 que
1424 261 1658 315 produisait
1694 275 1749 304 en

177 329 266 370 moi
281 329 323 370 le
340 330 543 381 5116616616
563 330 614 369 (16
633 330 675 370 la
693 330 848 370 felicite
886 334 929 369 et
963 329 1015 370 de
1053 330 1095 369 16
1131 328 1363 381 prosperite
1400 327 1472 368 des
1508 327 1657 381 impies
1694 339 1749 368 en

177 394 282 435 etait
299 395 341 434 16
359 406 499 435 cause.
522 395 800 436 Succombant
818 407 996 447 presque
1017 394 1142 443 alors,
1165 396 1189 433 6
1209 393 1250 433 16
1269 393 1495 440 1611161106,
1515 392 1559 445 36
1578 392 1751 433 m’eear·

176 460 258 501 1615
276 460 349 500 (165
369 460 523 500 droites
541 460 708 500 notions
729 459 833 513 qu’il
853 461 944 500 faut
965 460 1082 500 avoir
1103 460 1154 500 de
1173 459 1215 499 16
1235 458 1493 498 Providence
1513 458 1564 497 de
1583 457 1688 498 Dieu
1707 461 1751 499 et

172 526 219 578 36
235 526 393 566 56111615
412 525 518 565 6665
537 536 636 565 6106
657 537 773 565 coeur
794 524 980 565 s'effacer
1003 536 1086 577 peu
1124 526 1149 563 6
1178 535 1261 576 peu
1297 522 1340 562 la
1366 523 1501 563 ferme
1537 521 1752 564 6011116666

177 602 260 644 que
274 590 423 643 j'avais
443 603 496 630 en
518 591 610 630 elle.
634 591 698 629 En
718 593 893 642 eroyant
912 589 1039 629 d'une
1060 590 1246 629 certaine
1266 589 1388 639 faeon
1410 599 1491 639 que
1511 588 1570 627 les
1602 586 1751 640 impies

178 656 337 697 etaient
355 656 564 703 heurenx‚
582 655 626 707 je
642 667 708 695 me
729 655 885 695 sentais
904 666 1067 695 comme
1087 667 1170 694 une
1195 653 1361 694 velleite
1390 653 1443 693 (16
1469 652 1663 692 marchei·
1680 663 1751 692 sur

175 721 290 761 leurs
308 724 442 761 traces
462 723 504 760 et
523 721 726 760 d’arriver
745 732 821 772 par
841 720 1023 772 quelque
1043 720 1231 760 maniere
1261 730 1343 771 que
1363 730 1408 758 ce
1440 718 1504 758 fut
1536 719 1562 757 6
1592 717 1634 757 16
1660 728 1752 770 pos-

176 786 333 827 se³sion
353 786 404 826 (16
426 786 519 826 leur
540 786 751 825 honheur.

230 852 284 891 Ce
305 854 578 891 mouvement
597 862 704 902 pour
728 849 846 898 aller,
868 862 914 890 66
934 849 1044 889 desir
1064 849 1280 898 d’arriver,
1303 861 1357 889 ne
1391 850 1486 888 sont
1511 847 1642 888 l’effet
1670 858 1754 900 que

176 916 301 956 d’une
314 916 564 967 impression
593 915 841 954 irressechie.
872 915 927 954 Ils
941 927 994 954 ne
1009 915 1251 967 dependent
1262 926 1337 966 pas
1356 914 1550 965 toujours
1565 914 1615 953 de
1641 923 1749 952 nous

174 985 217 1021 et
237 981 570 1021 ordinairement
590 980 640 1019 ils
660 992 710 1019 ne
731 992 839 1018 nous
858 979 1040 1020 rendent
1063 991 1138 1031 pas
1157 979 1398 1032 coupables.
1419 980 1483 1019 En
1502 979 1596 1018 leur
1627 977 1751 1018 resis-

175 1049 268 1086 tant
286 1058 383 1086 56115
402 1046 525 1094 delei,
541 1045 593 1084 ils
614 1044 868 1084 deviennent
885 1057 996 1096 pour
1015 1056 1122 1084 nous
1141 1057 1198 1084 un
1210 1044 1394 1084 exercice
1414 1043 1613 1083 salutaire
1633 1046 1675 1082 et
1693 1054 1753 1082 un

176 1111 268 1150 vrai
286 1111 454 1150 merite.

234 1176 356 1216 Aussi
375 1188 430 1215 on
450 1187 503 1215 ne
523 1175 610 1214 doit
630 1187 704 1227 1165
722 1174 963 1214 considet-er
998 1174 1133 1213 David
1173 1178 1214 1213 et
1250 1174 1310 1214 les
1347 1176 1488 1213 autres
1530 1171 1755 1226 prophetes

179 1252 343 1281 comme
363 1247 494 1292 ayant
513 1240 640 1280 doute
660 1240 710 1280 de
732 1241 773 1279 16
805 1239 1063 1279 Providence
1083 1239 1134 1279 de
1170 1239 1292 1279 Dieu.
1331 1238 1384 1278 Ils
1422 1241 1494 1278 ont
1530 1237 1755 1278 manifeste

179 1305 412 1346 seulement
431 1319 487 1345 un
510 1305 738 1345 sentiment
757 1304 950 1344 1111111616.
972 1305 1026 1344 115
1047 1307 1121 1344 0111
1139 1304 1257 1356 parle
1278 1316 1332 1343 66
1352 1316 1451 1343 nom
1477 1304 1551 1343 des
1587 1302 1750 1352 faibles,

179 1383 277 1412 sans
296 1383 431 1411 cesser
450 1370 580 1411 d'etre
601 1371 706 1410 forts
725 1370 1005 1410 eux-memes.
1026 1371 1086 1410 La
1104 1371 1279 1410 fermete
1300 1370 1351 1410 (16
1371 1369 1464 1410 leur
1493 1369 1567 1418 foi,
1589 1367 1756 1420 malgre

178 1435 222 1476 16
239 1436 418 1476 vivacite
439 1437 490 1475 de
523 1437 634 1476 leurs
670 1435 867 1487 plaintes,
889 1434 1086 1475 s’affirme
1124 1436 1372 1475 clairement
1408 1434 1513 1474 dans
1550 1433 1754 1486 quelques

180 1502 347 1554 paroles
367 1502 438 1553 qui
459 1501 519 1541 les
538 1504 613 1540 ont
633 1501 843 1552 precedes.

235 1566 298 1606 En
321 1566 434 1615 effet,
455 1570 584 1606 avant
603 1566 821 1618 d’exposer
843 1566 902 1605 les
924 1565 1053 1617 griefs
1073 1565 1173 1617 qu'il
1195 1578 1219 1604 6
1253 1567 1278 1604 6
1315 1567 1547 1617 presentet,
1570 1563 1754 1604 Jeremie

177 1631 254 1671 fait
270 1643 315 1671 56
335 1631 568 1683 profession
590 1631 641 1670 de
663 1631 722 1670 soi
742 1643 795 1670 611
822 1630 862 1670 16
890 1630 1041 1682 justice
1073 1631 1124 1670 de
1162 1630 1266 1670 Dieu
1289 1643 1298 1670 :
1323 1645 1342 1666 ι(
1384 1629 1605 1681 Seigneur,
1628 1628 1753 1679 dit-il,

180 1697 214 1736 si
231 1696 275 1749 je
296 1696 463 1748 dispute
483 1708 582 1736 avec
603 1708 721 1746 vous,
745 1708 790 1735 66
823 1696 929 1736 n'est
958 1708 1031 1748 pas
1065 1708 1146 1748 que
1161 1695 1205 1748 je
1224 1708 1278 1735 ne
1298 1695 1420 1736 sache
1442 1707 1524 1747 que
1544 1706 1648 1734 vous
1667 1694 1755 1734 etes

175 1768 305 1821 36516.
328 1782 347 1806 1)

232 1834 344 1872 Pour
364 1845 413 1871 ne
434 1845 510 1885 1165
528 1833 713 1884 paraitre
734 1844 902 1872 accuser
923 1832 1028 1872 Dieu
1049 1832 1301 1884 d’injustice,
1323 1832 1402 1873 Job
1417 1842 1658 1871 commence
1677 1841 1755 1883 par

178 1909 245 1938 665
263 1898 427 1950 11610165
449 1911 458 1937 :
484 1914 503 1934 «
526 1899 667 1937 Est-ce
687 1910 788 1936 avec
807 1910 865 1937 un
887 1898 1057 1937 homme
1078 1909 1159 1949 (166
1176 1897 1254 1949 3’61
1274 1899 1299 1936 6
1319 1897 1504 1949 disputer
1532 1908 1640 1948 pour
1671 1906 1756 1948 quo

171 1962 216 2016 36
236 1963 320 2002 11’61
339 1962 515 2014 11651166
535 1962 585 2002 (16
605 1962 867 2014 m’afssiger?
890 1964 1003 2003 Pour
1028 1963 1129 2010 moi,
1152 1962 1295 2014 quand
1310 1962 1354 2013 je
1386 1973 1454 2002 me
1483 1962 1678 2001 souviens
1702 1960 1755 2001 (16

599 122 646 151 uz
676 121 876 152 611-11011111.
903 122 977 151 nes
1008 113 1323 151 pnchmuns.

179 2164 282 2201 milis
302 2164 355 2201 rui
374 2164 430 2200 itti
449 2165 513 2211 qui
540 2165 580 2200 in
614 2165 672 2200 via
705 2164 847 2201 lubrica
880 2169 944 2200 aut

178 2212 357 2259 inaequali
378 2216 414 2249 et
433 2212 653 2258 confragosa
676 2212 810 2248 titubat
830 2217 866 2249 et
886 2223 944 2247 va—

178 2260 295 2306 cillat,
318 2264 355 2296 et
373 2259 480 2306 quasi
509 2259 679 2303 labescit,
700 2261 790 2295 (tum
825 2260 944 2295 nimia

180 2307 444 2352 indignatione
463 2312 675 2344 commotus
695 2318 779 2343 sum
812 2308 944 2343 videns

179 2355 396 2392 felicitatem
436 2359 472 2391 et
491 2354 774 2401 prosperitatem
805 2356 942 2400 impio-

180 2413 263 2439 rum
287 2413 295 2439 :
319 2413 408 2439 nam
431 2403 506 2439 sere
533 2402 730 2439 tentationi
764 2412 944 2439 succum-

181 2449 288 2494 bens,
311 2450 549 2488 declinabam
570 2462 591 2485 6
614 2451 723 2486 rectis
744 2451 943 2497 cogitatio-

180 2497 296 2534 nibus
316 2499 362 2534 de
384 2498 447 2535 Dei
469 2498 717 2545 providentia,
739 2502 772 2534 et
802 2499 848 2533 66
878 2498 944 2533 tir-

182 2555 243 2582 ma
281 2546 320 2582 in
359 2556 446 2582 cum
486 2545 623 2582 fiducia
666 2545 944 2591 quodammodo

181 2592 415 2630 decidebam.
440 2592 534 2631 Nam
568 2603 655 2630 cum
688 2604 751 2629 605
783 2593 944 2639 quadam

183 2640 326 2677 ratione
366 2641 493 2678 beatos
531 2650 739 2684 censerem.
773 2641 943 2694 (16166661

182 2687 351 2724 vettottas
389 2700 453 2724 cos
474 2688 647 2725 imitandi
668 2687 943 2731 suboriebatur.

181 2739 218 2771 ct
232 2736 277 2771 ud
298 2746 380 2772 611111
399 2736 614 2772 felicitatem
635 2746 706 2783 qua
736 2746 782 2772 66
802 2735 944 2772 ratione

183 2783 435 2830 pertingendi.
461 2784 547 2820 11166
558 2784 720 2868 (11011061
739 2782 819 2820 usio
839 2793 944 2828 gres-

182 2839 309 2874 suum,
325 2835 359 2866 et
381 2831 496 2867 motio
512 2842 557 2878 pe
587 2842 648 2867 um
665 2831 807 2879 primos
824 2835 947 2868 motus

184 2877 341 2922 indicat,
373 2879 437 2926 qui
471 2889 547 2915 non
577 2889 726 2926 semper
758 2889 840 2916 reos
876 2888 946 2916 nos

181 2923 353 2964 emotum
373 2935 384 2963 ι
406 2925 470 2964 sed
495 2927 542 2963 66
575 2926 797 2965 exercitium
828 2926 946 2974 proti-

985 2165 1091 2200 ciunt
1111 2169 1147 2200 et
1166 2164 1359 2208 meritum,
1381 2164 1411 2199 si
1433 2173 1521 2200 mox
1541 2164 1595 2200 cis
1627 2162 1754 2199 obsis-

984 2216 1095 2248 tatur.
1138 2212 1242 2248 Unde
1290 2221 1361 2248 nec
1403 2211 1533 2255 David,
1574 2221 1646 2247 nec
1683 2210 1751 2246 atii

986 2260 1180 2306 Prophctae
1217 2259 1397 2296 censendi
1431 2264 1518 2295 sunt
1556 2258 1750 2295 dubitasse

986 2307 1046 2343 bic
1067 2308 1113 2343 dc
1137 2307 1200 2343 t)ci
1222 2307 1471 2354 providentia,
1513 2306 1577 2343 566
1615 2306 1752 2342 1161116-

985 2365 1076 2391 num
1098 2355 1299 2400 quemdam
1320 2358 1495 2391 exserunt
1520 2353 1698 2390 ati'ectum
1717 2357 1755 2389 et

985 2402 1084 2438 vetut
1102 2402 1141 2438 in
1160 2413 1319 2448 persona
1331 2402 1571 2438 intirmorum
1596 2400 1753 2447 loquun-

985 2454 1057 2492 tur,
1081 2450 1150 2495 ipsi
1173 2455 1299 2486 tumen
1318 2450 1430 2486 tirmi.
1449 2449 1552 2487 Unde
1567 2452 1602 2485 et
1615 2447 1755 2484 5116111·-

984 2498 1111 2533 mittite
1132 2508 1210 2534 non
1235 2497 1406 2533 obstante
1429 2497 1491 2533 tuti
1517 2495 1756 2542 querimonia

983 2544 1140 2591 quilibet
1179 2555 1308 2581 corum
1337 2544 1543 2590 praemissis
1562 2542 1755 2590 aliquibus

985 2592 1107 2628 verbis
1126 2592 1292 2639 protitcri
1320 2592 1478 2628 videtur.
1504 2590 1604 2634 Ideo,
1623 2590 1754 2638 prius-

984 2650 1095 2686 quam
1134 2646 1293 2685 exponat
1334 2639 1515 2676 ,ieremias
1560 2638 1754 2685 querclam

983 2687 1281 2733 56616,365ιίιί(6
1307 2686 1446 2723 divium
1477 2686 1754 2732 professionem

985 2735 1175 2782 proemittit
1199 2745 1238 2770 :⁸1
1273 2735 1400 2770 iustus
1429 2743 1485 2776 65,
1511 2734 1684 2776 Domine,
1717 2732 1751 2770 si

983 2783 1171 2829 disputem
1195 2786 1334 2819 tecum.
1360 2797 1373 2816 1»
1398 2780 1582 2818 Similiter
1612 2786 1647 2817 ct,
1666 2779 1753 2826 Job,

985 2841 1032 2867 ne
1052 2830 1238 2867 videretur
1262 2830 1379 2866 Deum
1406 2838 1563 2873 urguere
1597 2828 1754 2875 injusti-

985 2878 1064 2922 tim,
1086 2877 1308 2925 praemittit:
1349 2890 1363 2909 κ
1399 2876 1588 2921 Numquid
1624 2879 1756 2913 contre

985 2925 1180 2964 hominem
1216 2923 1419 2973 disputatio
1459 2926 1575 2961 mou?
1603 2924 1647 2960 Et
1685 2932 1754 2971 ego
