1858 3146
1589 189 1642 229 35

68 285 190 328 ‘leurs
202 282 390 332 crisante,
413 282 464 323 ils
483 292 534 322 ne
553 278 724 327 doivent
742 290 818 331 pas
839 289 883 318 se
901 278 1030 318 livrer
1058 279 1203 316 contre
1235 287 1317 316 eux
1345 278 1369 316 a
1388 276 1429 316 la
1447 276 1600 328 colere,
1614 279 1647 326 ’ὲ

77 349 415 403 l'exasperation‚
430 358 511 387 aux
526 345 605 385 cris
624 347 666 384 et
680 356 764 383 aux
783 343 824 382 in
826 343 958 393 jures.
981 341 1111 390 Qu'ils
1130 341 1298 381 innitent
1316 341 1447 381 Marie
1470 355 1480 381 :
1506 355 1526 380 «
1546 342 1647 383 Mon

68 415 158 466 ms,
178 413 388 468 pourquoi
417 421 642 452 avez-vous
673 410 746 461 agi
775 408 826 448 de
857 408 899 447 la
930 410 1040 447 sorte
1073 418 1223 446 envers
1243 417 1367 446 nous,
1388 419 1408 443 n
1434 407 1523 453 Que
1554 407 1649 448 leur

78 480 327 529 correction,
349 476 506 531 parfois
526 474 769 522 m‘ecessaire,
794 473 874 512 soit
904 472 1095 524 toujours
1127 472 1340 523 temperee
1371 482 1446 523 par
1476 470 1518 510 la
1545 482 1650 523 sege

79 546 292 600 prudence
311 543 366 582 du
386 543 485 594 pere
506 543 548 580 et
566 540 746 579 l’amonr
765 538 815 577 de
837 538 878 577 la
896 540 1025 577 mere.
1048 536 1176 584 Qu’ils
1209 536 1369 576 evitent
1399 536 1458 575 les
1477 547 1646 588 empor-

78 614 271 659 tements,
294 608 354 648 les
388 604 691 656 maledictions,
729 603 787 643 les
818 602 1008 642 mauvais
1039 602 1316 642 traitements.
1350 601 1453 650 Que,
1485 601 1590 641 dans
1608 600 1649 642 le

79 685 331 730 paroxysme
350 673 401 712 de
420 671 462 711 la
481 671 641 719 fureur,
658 669 707 708 ils
727 681 780 708 ne
800 669 859 708 les
879 667 1180 720 apostrophem
1202 679 1273 718 pas
1300 678 1354 706 en
1372 678 1439 706 ces
1458 670 1613 707 termes
1634 679 1646 707 ε

79 742 114 782 Ο
132 739 288 780 infame
306 736 489 784 libertin,
514 734 717 774 veritable
737 734 903 782 demon,
931 733 1067 784 gibier
1098 732 1149 771 de
1178 738 1369 783 potence,
1392 732 1499 771 tison
1531 730 1647 771 d'en-

77 805 162 854 fen
184 802 308 856 qu’ils
331 800 606 853 n’emploient
632 798 786 851 jamais
818 799 1033 849 beaucoup
1066 798 1249 837 d’autres
1280 800 1434 837 termes
1466 795 1646 837 sembla-

78 870 166 910 bles
184 871 210 909 a
229 867 406 916 ceux-le,
429 866 568 906 helas!
591 868 686 917 trop
708 875 930 904 communs
950 863 1053 902 dans
1074 862 1115 902 la
1135 861 1296 902 bouche
1316 861 1389 902 des
1408 864 1578 914 parents
1596 861 1649 903 de

69 939 155 976 'nos
169 935 303 986 jours.

132 999 217 1041 Ohl
241 1010 323 1051 que
343 1009 408 1037 ces
428 995 701 1049 apostrophes
720 994 925 1034 violentes
945 999 1039 1032 sont
1059 992 1145 1032 loin
1165 992 1237 1032 des
1255 992 1406 1032 douces
1419 991 1584 1044 paroles
1598 992 1650 1032 de

78 1065 208 1107 Marie
228 1067 271 1105 et
290 1063 340 1102 de
360 1074 405 1102 sa
423 1061 581 1114 plainte
602 1063 717 1100 toute
736 1058 984 1099 maternelle
1010 1070 1018 1097 :
1043 1074 1062 1094 α
1086 1058 1182 1098 Mon
1203 1058 1283 1108 fils,
1305 1057 1514 1110 pourquoi
1533 1069 1652 1098 avez-

77 1142 182 1171 vous
201 1130 273 1180 agi
293 1128 344 1168 de
364 1127 406 1167 la
427 1131 537 1166 sorte
557 1138 705 1166 envers
726 1124 861 1164 nous?
887 1140 904 1160 n
932 1124 1113 1164 Suivons
1132 1123 1170 1163 le
1188 1122 1345 1162 conseil
1364 1124 1415 1163 de
1435 1123 1650 1176 l'Apotre:

85 1208 106 1235 «
124 1197 244 1245 Pere,
266 1193 451 1233 n'irritez
470 1191 590 1244 point
611 1203 681 1230 vos
702 1190 888 1237 enfants,
911 1189 1016 1228 mais
1034 1199 1137 1240 ayez
1157 1188 1248 1227 soin
1268 1188 1320 1228 de
1350 1187 1410 1227 les
1445 1188 1544 1228 bien
1564 1187 1651 1228 ele-

80 1273 154 1302 ver
190 1272 242 1300 en
289 1259 348 1298 les
380 1258 621 1308 corrigeant
662 1260 704 1295 et
746 1255 805 1295 les
857 1254 1106 1293 iustruisant.
1143 1252 1258 1292 selon
1298 1253 1337 1293 le
1373 1253 1594 1305 Seigneur.
1628 1267 1649 1289 υ

80 1324 209 1380 (Epio.
232 1335 303 1373 x11,
326 1322 408 1375 99).
545 1312 558 1322 ’

71 1395 74 1400 ’
135 1389 394 1430 Examinons
411 1386 522 1427 enfin
546 1386 587 1424 la
606 1386 780 1436 reponse
800 1384 853 1422 du
876 1383 940 1422 fils
962 1385 986 1422 a
1005 1394 1050 1421 sa
1064 1384 1192 1422 mere.

135 1453 252 1495 Voici
270 1454 377 1492 cette
398 1453 572 1502 reponse
596 1463 604 1489 :
632 1465 651 1485 «
674 1449 887 1500 Pourquoi
920 1451 1044 1486 est-ee
1076 1459 1156 1499 que
1188 1458 1288 1486 vous
1320 1458 1388 1487 me
1407 1446 1656 1487 chercbiez?

81 1521 142 1560 Ne
160 1518 423 1559 saviez-vous
444 1527 516 1567 pas
537 1514 638 1567 qu'il
671 1514 760 1553 faut
794 1525 872 1564 que
897 1512 941 1565 je
971 1513 1054 1552 sois
1074 1515 1227 1564 occupe
1248 1515 1272 1552 a
1291 1525 1338 1553 ce
1371 1512 1444 1565 qui
1474 1511 1656 1565 regardo

73 1583 120 1626 'le
139 1583 295 1624 service
316 1581 367 1622 de
386 1592 484 1620 mon
507 1579 634 1633 pere?
655 1579 767 1632 (Luc.
787 1589 833 1625 11,
858 1578 943 1630 39.)
966 1594 983 1615 υ

135 1644 211 1684 Ces
229 1640 394 1695 paroles
414 1652 466 1679 ne
487 1642 583 1678 sont
613 1651 687 1690 pas
720 1651 778 1678 un
811 1638 951 1677 blame
984 1649 1090 1690 pour
1108 1637 1264 1690 Joseph
1285 1649 1339 1677 ou
1359 1649 1467 1690 pour
1496 1637 1652 1687 Marie;

75 1709 195 1749 'leurs
214 1705 460 1748 recherches
480 1716 532 1745 ne
552 1704 793 1744 meritaieut
814 1716 947 1742 aucun
968 1703 1184 1755 reproehe.
1208 1702 1240 1742 ll
1271 1703 1409 1742 aurait
1439 1702 1578 1756 ptutct
1601 1714 1656 1744 eu

79 1774 219 1815 raison
239 1772 290 1813 de
308 1771 367 1811 les
384 1769 688 1823 reprimander,
711 1768 794 1808 s'its
815 1780 868 1808 ne
889 1768 1080 1808 s’etaient
1101 1781 1174 1820 pas
1193 1767 1402 1820 inquietes
1432 1767 1485 1808 de
1515 1768 1592 1819 tui,
1614 1770 1658 1808 et

74 1838 166 1880 s'ils
184 1837 396 1878 n’avaient
414 1836 492 1875 fait
512 1847 674 1875 aucune
695 1834 918 1873 demarche
938 1846 1045 1886 pour
1064 1834 1102 1873 le
1122 1835 1356 1874 retrouver.
1379 1833 1412 1874 11
1426 1836 1528 1874 veut
1545 1833 1659 1874 donc

80 1914 160 1959 par
178 1915 224 1944 sa
243 1905 419 1955 reponse
438 1901 498 1941 les
517 1900 719 1940 instruire
738 1903 779 1939 et
799 1899 956 1939 calmer
969 1899 1061 1939 leur
1080 1899 1275 1950 chagrin.

79 1982 82 1990 ’
137 1969 171 2010 11
189 1967 348 2022 repond
370 1969 394 2007 a
413 1978 459 2006 sa
488 1968 603 2006 mere
637 1977 736 2004 avec
767 1966 949 2004 autorite
983 1977 1091 2016 pour
1121 1965 1227 2005 faire
1253 1964 1535 2017 comprendre
1553 1963 1662 2018 qu'il

85 2034 202 2083 emit,
224 2031 557 2072 non-seulement
577 2043 649 2069 son
672 2030 751 2076 fils.
774 2030 880 2069 mais
900 2042 1050 2070 encore
1072 2029 1175 2082 qu'il
1205 2030 1309 2069 etait
1339 2029 1461 2069 Dieu.
1481 2030 1598 2070 Titre
1617 2031 1660 2070 et

423 203 602 235 rnnmnn
627 195 842 231 emmena
870 190 998 231 Arnas
1025 187 1299 228 L'emrnanm.

85 2200 191 2244 dant,
230 2208 308 2236 non
345 2197 509 2234 debeant
529 2207 567 2233 se
607 2207 736 2244 gerere
764 2207 851 2234 cum
892 2197 992 2233 tilios
1024 2201 1181 2242 vestros,
1220 2198 1285 2234 sed
1322 2198 1481 2234 educate
1518 2208 1583 2235 eos
1620 2198 1663 2235 in

86 2246 383 2294 exasperatione,
424 2245 660 2292 impatientia
708 2245 851 2281 tumul·
891 2245 1109 2291 disciplina,
1131 2250 1166 2281 ct
1187 2245 1426 2292 correptione
1453 2245 1616 2282 Domini.
1642 2259 1657 2278 n

86 2299 208 2339 mosa,
229 2298 265 2330 et
284 2293 408 2330 verbis
440 2292 739 2330 contumeliosis.
772 2292 852 2328 Ma-

86 2343 182 2380 riam
214 2341 434 2378 imitentur:
463 2356 475 2372 ιι
503 2341 584 2384 Fili,

67 2389 198 2428 'nobis
218 2389 297 2426 sic?
318 2403 332 2421 ι»
357 2389 403 2425 Et
423 2388 511 2425 licet
532 2388 758 2435 quandoque
779 2388 854 2424 iltis

13 2448 25 2472 a
87 2433 249 2476 debeant
261 2436 551 2479 correctionem,
567 2445 715 2482 semper
729 2441 854 2472 tamen

87 2485 330 2522 immisceant
361 2493 449 2520 cum
484 2484 711 2520 discretione
738 2488 856 2530 patet·-

87 2537 182 2571 uum
219 2532 278 2568 vel
309 2536 525 2568 maternum
558 2541 739 2567 amorem.
773 2531 856 2568 Non

89 2579 335 2625 maledicant,
367 2589 446 2615 non
484 2579 751 2623 convineatur,
778 2589 855 2615 non

15 2621 25 2661 '·
82 2631 325 2674 exasperent.
365 2625 451 2664 Non
483 2636 572 2663 cum
609 2627 735 2662 surore
769 2636 856 2662 mox

89 2673 302 2714 inclamant
327 2684 335 2710 :
358 2674 413 2710 Tu
434 2674 596 2729 pessime
617 2683 796 2720 nequam,
819 2678 856 2710 tu

84 2717 254 2769 ”alhhelm
295 2727 334 2758 tu
374 2721 599 2767 patibulum,
641 2726 679 2758 tu
719 2721 858 2758 interni

87 2767 192 2816 mio,
219 2774 254 2807 et
293 2769 435 2806 similia
471 2769 603 2806 multis
640 2769 860 2816 parentibus

96 2810 177 2901 ἓ
196 2816 479 2868 infrequentia.
503 2817 590 2853 Haec
626 2821 714 2853 sunt
745 2816 860 2864 longe

105 2904 109 2910 ,
138 2903 142 2908 ,
187 2875 211 2908 a
228 2863 355 2902 uariae
375 2863 512 2909 verbis,
527 2869 564 2901 et
584 2864 737 2910 querela
756 2864 862 2901 itlius

98 2913 267 2949 mumma
285 2918 338 2948 τι·
361 2911 444 2956 Fili,
466 2912 555 2959 qnid
592 2911 713 2949 fecisti
750 2912 862 2948 nobis

98 2957 156 3002 sio
170 2954 404 3004 PPUth'Bt
421 2959 622 3006 Apostolus
640 2960 690 2996 ait
715 2970 722 2996 :
750 2975 764 2991 u
789 2960 860 2996 Pa-

101 3008 190 3051 tres,
211 3005 393 3044 nolitead
412 3006 649 3044 iracundiam
660 3017 862 3054 provocare

940 2295 1131 2336 Quantum
1168 2294 1214 2329 ad
1257 2294 1422 2330 tertium.
1455 2293 1663 2339 Respondit

616 2341 703 2387 quid
732 2341 854 2376 fecisti
893 2341 1063 2376 Christus
1084 2351 1093 2377 :
1115 2356 1128 2372 α
1147 2341 1244 2384 Quid
1264 2345 1319 2377 est
1334 2341 1434 2388 quod
1449 2352 1508 2377 me
1522 2350 1660 2387 quaere-

896 2389 1004 2424 batis.
1045 2388 1279 2425 Nesciebatis
1310 2389 1398 2436 quia
1429 2389 1470 2425 in
1501 2389 1558 2424 his
1578 2397 1663 2435 quae

897 2436 1014 2472 Putris
1035 2437 1109 2472 mei
1131 2442 1219 2472 sunt
1250 2441 1394 2483 oportet
1428 2446 1488 2472 me
1508 2446 1590 2473 esse
1606 2438 1625 2472 Ρ
1641 2450 1658 2471 ι

896 2484 980 2521 Non
1022 2484 1080 2520 liis
1130 2484 1254 2520 verbis
1299 2484 1568 2529 intelligendus
1606 2487 1663 2521 est

895 2531 1066 2567 Christus
1098 2532 1256 2569 Matrem
1287 2536 1351 2568 aut
1381 2531 1586 2577 losephum
1606 2541 1662 2568 re-

897 2580 1155 2625 prehendere;
1177 2590 1248 2616 nec
1279 2580 1382 2616 enim
1421 2578 1663 2616 merebantur

898 2627 1232 2673 reprehensionem
1265 2627 1363 2673 quod
1395 2632 1483 2663 eum
1514 2636 1663 2674 quaere-

899 2679 995 2718 rent,
1020 2675 1083 2710 sed
1106 2676 1230 2721 potius
1250 2674 1374 2711 meriti
1394 2683 1478 2711 eam
1503 2673 1664 2711 fuissent

897 2722 929 2758 si
949 2722 1220 2769 neglexissent,
1242 2727 1302 2758 aut
1325 2721 1356 2758 si
1376 2731 1463 2759 eum
1493 2732 1572 2759 non
1602 2732 1663 2758 re-

898 2770 1141 2816 quisivissent
1164 2781 1171 2806 :
1195 2770 1259 2806 sed
1280 2769 1350 2805 hac
1369 2769 1664 2817 interrogatione

898 2828 962 2854 eos
984 2818 1061 2854 vult
1082 2818 1280 2861 instruere,
1297 2820 1477 2854 eteorum
1496 2817 1665 2854 anxieta-

901 2870 975 2901 tem
997 2866 1132 2901 levare.
1157 2864 1315 2900 Interim
1333 2873 1422 2902 cum
1440 2864 1664 2903 auctoritate

901 2913 1066 2958 loquitur
1087 2911 1209 2957 Matri,
1231 2916 1272 2948 ut
1290 2912 1462 2950 ostendat
1494 2922 1534 2949 se
1558 2912 1664 2950 illius

902 2970 980 2996 uon
1018 2960 1267 2997 solummodo
1288 2959 1423 3004 filium,
1446 2960 1511 2997 sed
1548 2960 1664 2997 etiam

902 3009 1023 3045 Deum
1060 3004 1157 3053 esse,
1195 3007 1296 3055 quod
1332 3007 1523 3056 aliquibus
1573 3012 1666 3045 tunc
