1858 3146
569 144 781 176 emmena
809 143 861 173 ns
890 143 940 173 LA
970 143 1149 174 usston.
1563 136 1643 177 653

76 230 186 269 mols
201 239 240 266 :«
253 227 288 266 A
304 225 345 266 la
363 225 454 278 plus
473 224 632 277 grande
654 223 786 276 gloire
806 222 857 262 de
877 221 997 262 Dieu.
1012 238 1032 259 »
1050 223 1190 274 Ayant
1202 226 1382 275 propose
1395 237 1453 263 un
1470 225 1569 276 jour
1587 238 1642 266 au

77 294 180 333 Pere
191 292 214 333 J
218 302 368 343 aeques
387 291 552 341 Laynez
567 289 608 328 18
623 287 815 341 question
829 286 1022 328 suivante
1041 299 1078 326 z«
1095 287 1192 328 Sile
1206 288 1287 327 bon
1301 289 1406 329 Dieu
1423 302 1524 330 vous
1541 290 1643 330 don-

78 357 167 398 nait
185 355 223 396 le
243 355 364 395 choix
381 367 435 394 ou
455 354 602 394 (181181-
621 353 796 393 88551101
814 363 868 391 au
888 350 967 391 ciel
986 363 1040 391 08
1062 352 1112 391 de
1135 352 1356 393 demeurer
1376 365 1428 394 en
1450 359 1556 395 cette
1576 355 1643 396 vie

77 433 178 462 avec
197 419 476 460 l'incertitude
495 419 547 458 de
566 422 683 458 votre
701 417 824 467 salut,
847 419 888 456 et
908 415 972 455 s'il
991 428 1093 455 vous
1119 418 1319 458 montrait
1345 420 1583 471 cependant
1602 421 1643 461 18

75 484 303 539 possibilite
318 484 368 523 de
382 483 594 523 l’honorer
608 483 733 522 d'une
746 481 935 521 muniere
949 481 1297 531 extraordinaire‚
1314 495 1395 534 que
1410 484 1643 525 choisiriez-

76 549 210 591 vous?
225 563 244 586 ι)
271 551 326 588 Le
346 549 445 600 pere
465 549 630 599 Laynez
651 548 709 586 lui
727 545 924 598 repondit
947 557 955 583 :
983 561 1002 582 «
1022 546 1072 586 Je
1092 546 1306 586 choisirais
1327 547 1473 587 d'aller
1492 561 1544 588 au
1566 549 1644 590 ciel

77 618 120 656 et
138 613 344 655 d’assurer
363 625 460 652 mon
483 612 609 652 salut.
626 635 678 641 —-
696 611 813 659 Mais,
836 610 896 649 lui
916 611 1110 663 repliqua
1129 613 1299 663 lgnace,
1322 624 1428 664 pour
1449 614 1532 652 moi
1548 614 1644 665 j'ai-

77 679 230 720 merais
247 678 391 718 mieux
410 681 541 717 rester
559 689 612 716 en
633 680 739 716 cette
760 676 824 715 vie
855 688 961 727 pour
981 671 1187 715 satisfaire
1207 676 1245 716 le
1265 677 1375 716 desii·
1400 678 1451 718 de
1474 679 1578 718 Dieu
1599 683 1642 719 et

76 744 136 785 lui
156 743 308 784 rendre
329 743 553 782 l'honneur
574 739 676 794 qu'il
695 740 831 779 desire
854 752 863 779 :
885 752 970 789 car,
987 740 1031 791 ,ie
1052 740 1135 780 suis
1155 743 1226 780 sur
1250 741 1352 794 qu’il
1371 742 1645 795 s’occuperait

78 809 129 850 de
149 821 247 849 mon
267 808 377 847 salut
395 811 437 846 81
455 807 558 859 qu’il
578 818 631 846 ne
651 806 916 858 permettrait
936 818 1008 858 pas
1029 818 1111 858 que
1138 818 1182 846 88
1213 807 1336 846 choix
1366 808 1444 847 fait
1475 821 1581 860 pour
1600 822 1645 850 sa

76 874 209 928 gloire
228 875 301 926 put
323 871 469 912 m¹etre
487 870 803 923 prejudiciable.
827 886 847 906 »
871 871 993 911 Saint
1012 872 1165 922 Ignace
1197 873 1371 924 ponvait
1390 872 1498 912 donc
1518 874 1607 914 dire
1631 889 1641 915 2

82 952 102 977 (ι
119 937 318 979 J’honore
339 949 437 976 mon
459 938 575 985 Pei-e,
595 936 640 987 je
660 947 710 976 ue
724 935 900 975 cherche
921 935 1041 988 point
1058 948 1129 976 ma
1151 936 1301 988 gleire.
1328 954 1345 973 i)

130 1004 271 1043 Pax-mi
290 1002 348 1042 les
369 1013 596 1054 personnes
629 1002 684 1040 du
717 1013 830 1050 sexe,
859 1001 1074 1052 beaucoup
1109 1002 1158 1041 de
1194 1002 1381 1055 VieifgeS,
1417 1003 1647 1046 cherchant

75 1072 301 1122 purement
320 1079 420 1107 avec
438 1067 655 1119 beaucoup
677 1067 728 1106 de
750 1065 835 1105 zele
855 1066 895 1105 18
917 1066 1050 1117 gleire
1072 1066 1122 1106 (18
1143 1067 1248 1107 Dieu
1280 1072 1322 1106 et
1354 1069 1586 1120 meprisant
1605 1069 1647 1110 18

76 1134 170 1175 leur
191 1145 358 1186 propre,
377 1137 450 1171 ont
469 1132 608 1171 donne
630 1132 700 1170 des
720 1143 915 1183 marques
935 1131 986 1171 (18
1009 1131 1099 1170 leur
1118 1132 1295 1171 81881108
1318 1135 1360 1172 81
1379 1133 1428 1172 (18
1450 1134 1541 1174 1881
1560 1137 1647 1187 pre-

78 1198 349 1240 destination.
373 1198 477 1238 Rien
498 1198 548 1237 de
570 1198 662 1250 plus
682 1196 914 1236 admirable
935 1208 1015 1248 que
1036 1209 1080 1236 88
1101 1196 1226 1248 qu'on
1243 1197 1292 1236 lit
1311 1200 1335 1236 a
1349 1210 1394 1238 ce
1414 1200 1523 1251 sujet
1544 1200 1647 1240 dans

78 1263 121 1304 18
139 1264 205 1303 vie
226 1264 275 1303 de
296 1263 429 1302 sainte
450 1263 644 1310 'rhei-ese,
670 1262 721 1301 de
741 1262 873 1301 sainte
900 1262 1124 1301 Catberine
1155 1263 1205 1302 de
1236 1262 1405 1313 Sienne,
1430 1266 1481 1304 de
1512 1266 1648 1306 sainte

79 1328 304 1370 catherine
326 1328 376 1368 de
398 1329 531 1368 Genes
551 1331 592 1367 et
618 1330 757 1367 autres
786 1327 954 1366 saintes.
990 1327 1107 1366 Volci
1138 1339 1245 1379 pour
1276 1328 1372 1367 finir
1403 1341 1448 1368 88
1482 1330 1554 1382 qui
1586 1335 1648 1372 est

79 1396 274 1446 repperte
294 1393 344 1432 de
365 1393 497 1432 sainte
531 1393 734 1432 Gertrude
758 1391 874 1444 (livre
894 1393 905 1431 l
929 1390 993 1430 des
1025 1390 1294 1432 Inse'nuatt'ons
1327 1393 1491 1443 divines,
1523 1395 1646 1449 chap.

80 1458 188 1511 vni).
209 1459 262 1498 Le
283 1458 369 1497 zele
389 1458 440 1497 de
461 1458 502 1496 18
523 1457 657 1509 gloire
679 1457 730 1496 de
752 1458 854 1496 Dieu
876 1460 918 1495 81
937 1457 992 1496 (18
1014 1457 1123 1496 58181
1155 1457 1226 1497 (185
1248 1459 1362 1498 aines
1389 1460 1650 1501 enssammait

78 1523 295 1565 tellement
315 1535 387 1561 son
407 1534 522 1562 coeur
536 1535 631 1574 que,
654 1525 791 1561 108185
813 1522 871 1561 185
891 1522 970 1560 fois
986 1522 1135 1574 qu'elle
1152 1523 1293 1574 voyait
1307 1523 1489 1575 quelque
1504 1525 1650 1566 defaut

79 1588 184 1629 dans
202 1588 241 1628 le
260 1587 462 1640 prochain
483 1587 634 1639 qu'elle
654 1586 825 1626 (18511811
845 1587 1046 1636 corriger,
1069 1586 1103 1624 si
1130 1599 1203 1626 508
1236 1590 1393 1627 8118818
1415 1590 1518 1628 81811
1538 1590 1648 1630 frus-

79 1656 180 1703 1188,
205 1664 250 1693 88
270 1652 344 1705 qui
364 1652 536 1692 arrivait
556 1652 724 1704 lorsque
744 1651 854 1690 celui
874 1651 1027 1703 qu’elle
1059 1652 1294 1691 avertissait
1327 1665 1379 1692 ne
1400 1654 1539 1694 faisait
1557 1655 1648 1696 rien

80 1730 187 1771 pour
206 1717 452 1765 samonam,
475 1729 548 1756 son
570 1729 684 1756 coeur
703 1729 755 1756 en
776 1716 966 1755 south-ait
994 1716 1207 1756 tellement
1231 1718 1382 1769 qu'elle
1404 1731 1456 1759 ne
1477 1722 1650 1772 pouvait

80 1795 123 1824 58
143 1782 331 1823 consoler
352 1781 477 1834 qu'en
509 1782 650 1834 priant
668 1783 772 1821 Dieu
793 1793 899 1834 pour
924 1793 1019 1830 eux,
1056 1793 1110 1820 ou
1140 1781 1265 1833 qu’en
1298 1788 1532 1835 npprenaut
1565 1798 1648 1838 que

82 1906 179 1944 riam
217 1906 454 1953 procurabat,
482 1916 548 1942 sua
586 1905 771 1952 neglecta,
807 1909 847 1941 ut
885 1904 1042 1950 gloriam
1064 1916 1203 1950 meam,
1225 1910 1279 1942 est
1299 1907 1363 1954 qui
1383 1914 1523 1954 quaerat
1543 1914 1580 1946 et
1592 1910 1650 1958 ju-

82 1955 156 2002 ipsi
175 1965 243 2001 pro
275 1954 447 2000 symbolo
471 1964 590 1998 sacro,
612 1959 647 1990 ct
667 1963 734 2000 pro
765 1953 846 1989 elo·
885 1953 996 1988 dicet.
1018 1966 1031 1985 1>

83 2003 144 2049 gio
183 2001 391 2039 nobilitatis
428 2001 658 2047 adscriptum
698 2001 807 2036 fucrit
837 2011 843 2035 :

932 2000 992 2036 Sic
1012 2000 1174 2045 denique
1195 2001 1307 2037 ctiam
1335 2002 1376 2038 in
1397 2013 1487 2039 sexu
1510 2004 1648 2042 mulie—

88 2064 102 2082 «
127 2050 180 2086 Ad
201 2049 381 2095 majorem
416 2050 479 2085 Dei
513 2049 685 2095 gloriam.
707 2063 720 2080 n
745 2051 846 2092 Quo·
888 2046 942 2083 bri
965 2047 1092 2083 multae
1110 2048 1280 2093 Virgines
1300 2050 1496 2086 electionis
1517 2062 1594 2088 suae
1614 2057 1651 2089 et

84 2097 172 2134 dam
192 2097 252 2133 (118
286 2097 383 2133 lianc
411 2096 643 2142 proponebat
668 2096 846 2142 quaestio-

84 2155 172 2181 nem
195 2145 291 2182 Patri
318 2144 456 2180 Jacobo
479 2145 620 2190 Laynes
637 2155 645 2180 2
662 2158 674 2175 «
693 2143 730 2179 Si
753 2144 848 2179 Deus

84 2193 189 2229 daret
211 2191 276 2228 tibi
292 2192 500 2238 optionem,
516 2193 570 2228 vel
587 2191 712 2227 statim
734 2191 847 2227 cundi

84 2240 131 2276 ad
150 2239 305 2284 coelum,
327 2240 381 2275 vel
413 2240 591 2275 manendi
614 2241 652 2275 in
687 2238 755 2275 hac
775 2239 847 2274 vita

85 2297 173 2325 cum
192 2287 306 2324 dubio
326 2287 471 2330 salutis,
492 2287 778 2332 ostenderetque
799 2290 849 2321 ta·

85 2345 174 2371 men
195 2335 236 2371 in
263 2335 331 2371 hac
352 2335 425 2370 vita
445 2334 667 2381 obsequium
696 2333 845 2380 aliquod

85 2392 106 2419 e
134 2383 276 2429 regium
302 2383 374 2429 ipsi
405 2393 514 2429 posse
548 2386 737 2428 praestare,
758 2381 846 2427 quid

85 2440 104 2467 e
124 2431 266 2476 igeres?
282 2443 296 2462 a
322 2430 525 2476 Respondit
547 2430 688 2475 Layncs
710 2440 718 2465 :
739 2444 752 2460 «
778 2428 846 2467 Ε11τ

83 2487 211 2524 gerem
232 2478 286 2513 118
306 2478 352 2513 ad
372 2478 525 2521 coslum,
545 2481 579 2513 ct
602 2487 723 2514 ineam
744 2486 847 2512 assc-

85 2534 216 2562 curare
254 2525 426 2561 salutem.
451 2541 465 2559 »
490 2526 532 2561 At
563 2535 649 2561 vcro
683 2524 848 2571 ignatius

84 2582 144 2609 res
173 2572 309 2609 ondit:
334 2585 347 2604 «
378 2573 453 2619 Ego
484 2572 662 2617 eligerem
694 2582 847 2608 manere

84 2619 127 2657 in
175 2630 218 2657 ac
239 2620 326 2664 vita,
349 2625 387 2656 ut
415 2630 565 2666 possem
602 2620 664 2656 Dei
697 2619 847 2666 explere

85 2666 329 2712 desiderium,
363 2672 399 2704 81
425 2667 654 2713 obsequium·
677 2671 846 2715 cupitum

85 2714 122 2751 81
141 2719 315 2760 praestare
338 2726 345 2751 :
369 2726 448 2751 non
468 2716 569 2751 enirn
590 2715 734 2760 dubito,
755 2715 845 2761 quin

86 2771 215 2800 curam
235 2763 367 2799 salutis
388 2773 481 2799 meae
511 2763 605 2799 foret
638 2762 845 2806 habiturus,

85 2819 157 2846 nec
177 2810 440 2857 permissurus,
458 2815 496 2846 ut
514 2810 646 2847 electio
666 2810 732 2847 illa
751 2811 847 2847 facta

85 2856 131 2893 ad
152 2857 233 2902 ejus
252 2857 424 2905 gloriam,
446 2858 542 2894 mihi
560 2858 684 2896 fraudi
702 2858 809 2895 foret.
827 2873 840 2891 »2

85 2903 231 2941 Poterat
251 2915 338 2951 ergo
371 2906 539 2952 Ignatius
558 2906 682 2943 dicere
704 2917 712 2943 :
733 2921 746 2939 «
770 2906 846 2951 Ego

83 2950 296 2991 honorifico
312 2953 458 2992 Patrem
472 2963 600 2992 meum
611 2970 620 3002 3
633 2964 711 2993 non
721 2962 847 3002 quaero

914 2095 1227 2132 raedestinationis
1261 2097 1518 2134 testimonium
1538 2099 1651 2136 exhi-

915 2147 1061 2187 ucrunt‚
1095 2154 1188 2189 pure
1232 2150 1441 2190 quaerentes
1490 2145 1650 2192 gloriam

889 2190 953 2226 Dei
986 2195 1122 2236 magno
1156 2191 1314 2237 fervore,
1347 2203 1529 2239 suamque
1555 2204 1651 2232 con-

888 2242 1109 2274 temnentes.
1151 2239 1394 2276 Admiraoilia
1432 2246 1531 2286 sunt,
1567 2252 1651 2288 quae

888 2285 956 2321 hac
977 2286 1022 2321 (18
1052 2295 1090 2321 re
1122 2285 1297 2332 leguntur
1329 2288 1367 2323 in
1404 2288 1478 2324 vita
1509 2294 1650 2327 sanctae

886 2332 1651 2383 Thercsiae,sanctaeCatharinaeSenensis»,

886 2385 1026 2417 sanctae
1075 2381 1285 2418 Catharinae
1339 2383 1569 2430 permensis,
1615 2389 1652 2422 81

885 2428 983 2464 aliis.
1006 2428 1100 2464 Audi
1135 2439 1201 2474 pro
1235 2430 1481 2467 conclusione
1501 2443 1585 2478 quac
1604 2432 1651 2469 de

887 2480 1016 2512 sancta
1045 2476 1226 2512 Gertrude
1259 2476 1433 2524 legImus,
1453 2478 1518 2515 lib.
1547 2480 1562 2515 1
1590 2479 1651 2516 In-

887 2523 1145 2559 sinuationum
1172 2524 1310 2561 divinae
1336 2526 1499 2572 pietatis,
1517 2537 1550 2563 c.
1567 2538 1647 2564 vni.

875 2572 994 2607 ‚Zelus
1023 2571 1152 2617 gloriae
1176 2572 1315 2608 divinae
1345 2578 1379 2608 et
1412 2573 1544 2610 salutis
1563 2574 1650 2611 uni-

888 2629 1049 2662 1881818,
1071 2619 1120 2654 ita
1153 2629 1216 2655 cor
1236 2619 1316 2665 ejus
1350 2622 1587 2666 accenderat,
1609 2626 1652 2658 81.

887 2666 1115 2713 ubicumque
1153 2666 1191 2702 in
1222 2667 1394 2713 proximo
1429 2669 1650 2706 advertisset

886 2714 1088 2759 desectum,
1110 2724 1221 2760 quern
1251 2715 1387 2761 corrigi
1408 2716 1635 2754 desideraret

886 2763 915 2797 si
936 2762 1122 2798 desiderio
1139 2771 1206 2798 suo
1220 2762 1459 2800 frustraretur
1472 2766 1531 2808 (eo
1548 2745 1650 2811 quod

888 2811 979 2845 sorte
1017 2810 1049 2845 is
1093 2810 1156 2855 qui
1206 2810 1428 2847 monebatur
1470 2817 1649 2849 conatum

886 2868 964 2893 non
1006 2856 1201 2892 adhiberet
1237 2857 1285 2894 ad
1329 2859 1650 2906 emendationem)

887 2905 958 2941 hoc
976 2905 1070 2941 adeo
1090 2903 1171 2951 ejus
1199 2914 1263 2941 cor
1280 2905 1470 2952 gravabat,
1491 2910 1532 2943 ut
1554 2916 1651 2944 con-

886 2951 999 2991 solari
1025 2962 1104 2990 non
1137 2957 1276 3001 posset,
1296 2953 1372 2990 nisi
1403 2954 1572 2992 oratione
1602 2954 1649 2992 ad
