1858 3146
491 131 703 171 nssuxmm
729 138 943 170 nnuucnss
970 132 1100 171 Aruns
1127 131 1403 173 L'erirnmss.
1677 134 1729 173 41

164 216 310 271 ment).
330 216 365 258 11
383 219 445 258 est
464 217 587 259 facile
604 218 657 260 de
675 220 897 272 rapporter
913 230 968 259 au
987 219 1098 271 quet
1122 231 1204 272 que
1236 232 1342 260 nous
1375 233 1536 262 venons
1555 220 1607 263 de
1624 232 1733 263 vous

166 293 341 336 exposer
358 294 404 323 ce
424 295 504 336 que
523 294 630 324 nous
649 295 778 324 avons
798 283 860 324 dit
879 295 932 324 en
954 286 1019 324 cet
1039 284 1220 325 endroit.

216 562 571 637 DEUXIEME
608 578 959 639 DIMANGHE
995 563 1210 639 APRES
1247 563 1677 642 L’EPIPHANIE

994 742 1130 786 Nuptiae
1147 744 1250 785 [αι-ἐι
1268 746 1347 777 eunt
1366 745 1400 776 in
1422 745 1519 778 Cana
1539 745 1690 780 Galileae.

973 791 1001 823 Il
1020 800 1056 823 se
1077 791 1115 824 fit
1134 791 1196 823 des
1225 802 1331 824 noces
1360 793 1381 824 a
1399 792 1495 825 Cana
1523 803 1567 826 en
1590 793 1732 827 Galilee.

909 837 1095 880 (Evanqile
1112 838 1204 871 selon
1226 839 1261 871 S.
1283 840 1380 878 leon,
1403 839 1508 882 chap.
1529 850 1562 879 ιι,
1587 840 1607 877 7
1629 841 1670 882 ι.)

215 970 270 1009 1⁰¹
288 970 430 1009 ΡΟΙΝΤ.
454 990 506 999 —-
524 969 558 1010 Il
576 970 647 1022 n’y
667 982 692 1009 a
710 969 831 1023 point
851 970 1070 1020 d’heresie,
1093 971 1128 1010 si
1148 971 1312 1024 stupide
1333 976 1374 1011 et
1389 972 1423 1012 si
1438 972 1566 1025 impie
1581 972 1734 1026 qu'olle

159 1032 255 1085 soit,
276 1033 446 1087 produit
477 1033 576 1074 d'un
595 1035 725 1088 esprit
745 1036 909 1075 insense
930 1048 984 1075 ou
1004 1036 1104 1075 d'un
1125 1048 1301 1077 cerveau
1322 1036 1503 1088 malado,
1527 1038 1600 1091 qui
1627 1037 1735 1079 n’ait

158 1100 306 1139 trouve
327 1099 399 1139 des
419 1099 588 1152 adeptes
608 1103 649 1140 et
669 1101 720 1141 de
740 1100 848 1141 zeles
868 1100 1125 1141 defenseurs.
1148 1103 1225 1142 Les
1258 1102 1441 1143 heresies
1475 1106 1734 1144 concernunt

158 1162 199 1205 le
217 1164 408 1218 mariage
427 1167 636 1218 prouvent
655 1168 761 1206 cette
781 1165 1002 1206 assertion.

212 1230 276 1269 En
295 1229 408 1279 effet,
430 1229 490 1270 les
508 1243 588 1270 uns
608 1234 682 1270 ont
701 1233 880 1271 soutenu
901 1243 982 1283 que
1002 1231 1040 1271 le
1071 1231 1261 1284 mariage
1294 1231 1440 1271 n'etait
1467 1244 1542 1285 pas
1574 1233 1734 1285 permis

159 1293 318 1335 etl’ont
337 1295 482 1348 appele
502 1307 582 1336 une
602 1295 815 1335 invention
836 1295 1092 1348 diabolique.
1115 1298 1175 1336 Ne
1194 1297 1363 1336 sont-ils
1383 1310 1458 1350 pes
1477 1297 1734 1350 stupides'de

158 1370 203 1399 se
234 1359 488 1400 condemner
519 1360 630 1400 aussi
661 1363 902 1409 sottement‚
937 1372 1020 1399 eux
1050 1360 1155 1400 issus
1187 1361 1242 1400 du
1275 1362 1493 1414 mariage?
1527 1362 1733 1415 L'Apotre

158 1425 378 1478 prevoyait
409 1425 520 1464 leurs
551 1437 715 1465 erreurs
747 1424 889 1478 quand
922 1425 951 1464 il
988 1425 1143 1464 disait:
1171 1439 1190 1464 «
1212 1425 1398 1478 L'Esprit
1423 1426 1484 1467 dit
1515 1429 1731 1480 expresse-

158 1491 279 1530 ment
309 1501 390 1542 que
422 1489 523 1529 dans
555 1490 593 1530 le
626 1492 761 1543 temps
781 1491 806 1529 ὲ
825 1489 944 1529 venir
970 1490 1274 1543 quelques-uns
1304 1491 1658 1532 abandonneront
1690 1491 1731 1533 la

158 1553 232 1602 foi,
250 1565 302 1594 en
322 1554 489 1595 suivant
508 1555 582 1595 des
599 1556 747 1608 esprits
765 1554 954 1595 d'erreur
985 1558 1027 1595 et
1052 1556 1124 1595 des
1144 1556 1352 1596 doctrines
1372 1556 1634 1610 diaboliques
1658 1558 1734 1611 qui

157 1618 412 1660 interdiront
430 1620 468 1660 le
488 1620 693 1673 mariage.
713 1636 731 1656 »
758 1620 949 1674 (Timoth.
972 1632 1031 1672 iv,
1054 1622 1072 1660 1
1098 1623 1139 1661 et
1158 1621 1218 1674 3.)
1237 1622 1332 1661 Tels
1360 1620 1502 1662 furent
1522 1634 1588 1663 ces
1606 1622 1730 1664 here-

156 1683 294 1738 tiques
313 1687 505 1726 nomines
523 1686 771 1735 Encratites,
795 1698 849 1725 ou
870 1685 1078 1738 partisans
1098 1685 1148 1726 de
1178 1686 1218 1726 la
1238 1686 1502 1738 continence,
1525 1689 1732 1741 nuxquels

156 1749 269 1790 saint
293 1751 437 1791 Irenee
469 1751 667 1804 applique
698 1763 763 1791 ces
794 1751 959 1804 paroles
983 1763 991 1790 :
1018 1766 1038 1789 (ι
1058 1751 1257 1804 Disciples
1287 1752 1338 1792 de
1373 1752 1574 1792 Saturnin
1607 1757 1649 1793 et
1679 1753 1732 1795 de

154 1815 353 1864 Marcion,
377 1815 428 1856 ils
447 1820 521 1856 ont
539 1816 691 1869 preche
711 1816 975 1869 l'obligation
1006 1816 1057 1856 de
1088 1816 1306 1856 s’abstenir
1326 1817 1381 1857 du
1403 1818 1608 1870 mariage,
1629 1829 1730 1859 ren-

155 1879 258 1921 dant
289 1881 395 1921 ainsi
426 1881 576 1922 inutile
597 1881 770 1922 l'oeuvre
802 1882 853 1922 de
872 1881 976 1921 DIeu
997 1884 1039 1921 et
1057 1884 1255 1921 accusant
1283 1881 1605 1924 indirectement
1623 1883 1732 1925 celui

155 1945 230 2000 qui
259 1958 285 1986 a
316 1948 409 1987 cree
439 1946 640 1988 l’homme
669 1950 710 1987 et
742 1947 783 1986 la
815 1947 970 1987 femme
996 1958 1103 1999 pour
1128 1945 1170 1986 la
1199 1947 1480 2000 propagation
1512 1947 1570 1988 du
1603 1960 1732 2000 genre

125 2009 348 2053 ,humaim
371 2026 391 2047 »
415 2010 520 2064 (Liv.
541 2013 574 2063 Ι,
597 2011 711 2065 chap.
732 2011 851 2064 xxx.)

159 2141 246 2178 lect.
269 2153 294 2187 1,
315 2152 429 2196 super
448 2146 580 2188 quarto
600 2147 788 2189 praecepto
811 2142 922 2178 Deca·
960 2140 1049 2176 dam
1063 2141 1166 2176 enim
1182 2141 1311 2177 dixere
1332 2141 1426 2178 illud
1442 2142 1619 2179 illicitum
1633 2153 1729 2189 esse,

159 2188 248 2235 logi,
269 2199 472 2236 omniaque
492 2189 544 2227 ibi
564 2190 663 2227 dicta
686 2190 759 2227 huc
792 2189 922 2226 referri
961 2188 1078 2224 immo
1098 2188 1294 2241 inventum
1308 2189 1455 2225 satanae
1474 2189 1729 2236 appellarunt.

157 2242 328 2287 possunt,
960 2236 1017 2271 An
1038 2246 1116 2272 non
1156 2236 1194 2272 ln
1231 2236 1452 2284 stolidi‚qui
1485 2248 1553 2274 suo
1587 2247 1626 2274 se
1664 2247 1731 2275 ore

960 2283 1072 2319 stulte
1092 2283 1410 2329 condemnarunt,
1439 2295 1527 2321 cum
1566 2284 1639 2331 ipsi
1683 2294 1731 2322 ex

500 2350 572 2360 —
961 2330 1202 2367 Matrimonii)
1227 2331 1367 2368 luerint
1388 2332 1492 2368 orti?
1524 2333 1597 2368 llos
1628 2339 1732 2379 pto.-

961 2378 1107 2432 videlyat
1137 2379 1336 2433 Apostolus
1368 2380 1474 2433 aiens
1497 2390 1504 2415 :
1531 2394 1544 2411 α
1569 2379 1731 2435 Spiritus

159 2458 391 2497 nomm
419 2459 452 2496 11
484 2458 598 2495 posr
628 2457 920 2497 ΕΡΙΡΗΑΝΙΑΜ
960 2425 1730 2521 ἷὲρῒῗρἑῖἳὶἰέῗᾶἓῑιέἓῗῧῑὲέεᾱὲζῖιέὃὲῗὲῗ

164 2524 168 2525 ’
958 2521 1196 2558 attendentes
1245 2521 1439 2568 spiritibus
1488 2521 1639 2568 erroris,
1691 2526 1730 2560 et

475 2572 777 2645 Νιέἇειίίῗιὲκιιωιιῖἑ
780 2572 832 2637 ⁰⁴3³
840 2573 920 2643 6312?
958 2568 1153 2652 docti-lnaeb
1189 2569 1467 2652 daeulssli?1·u?
1517 2569 1727 2654 ‘'mhi-¹25⁰-

631 2630 638 2637 ι
835 2629 843 2636 ι
884 2629 890 2636 n
1257 2631 1270 2648 n
1335 2629 1340 2635 ¹
1381 2628 1390 2639 Ι

164 2708 166 2713 ⁸
957 2620 1054 2700 5223
1074 2626 1289 2706 {mmm
1312 2626 1728 2710 5332033‘52132232

202 2707 314 2746 Nulla
341 2708 494 2745 haeresis
520 2709 614 2746 adeo
638 2709 775 2746 stolida
803 2713 858 2746 est
883 2714 918 2747 et
957 2710 1095 2757 quibus
1116 2716 1269 2747 sanctus
1294 2711 1460 2748 Irenaeus
1481 2722 1490 2748 z
1517 2724 1532 2743 ι
1554 2712 1582 2748 Α
1601 2712 1726 2750 Satur-

153 2755 286 2802 impia.
306 2765 390 2802 quae
411 2766 491 2793 non
517 2757 558 2793 in
577 2757 739 2803 alicujus
768 2762 919 2794 amente
958 2759 1050 2795 nino
1071 2763 1106 2795 et
1139 2758 1330 2794 Marcione
1367 2758 1487 2795 exorti
1525 2758 1726 2797 abstinen-

195 2807 295 2847 ente‚
315 2807 351 2841 et
379 2804 515 2841 insano
542 2804 698 2842 cerebro
719 2805 843 2842 locum
865 2816 918 2842 re·
958 2806 1047 2842 tiam
1070 2818 1091 2842 a
1112 2806 1254 2850 nuptiis
1273 2805 1614 2851 annuntiaverunt,
1629 2807 1727 2845 frus-

180 2849 318 2895 eriens,
338 2855 539 2889 sectatores
558 2856 593 2888 et
622 2858 918 2899 propugnatores
958 2858 1097 2890 [rantes
1116 2853 1311 2898 antiquam
1331 2853 1622 2899 plasmationem
1641 2853 1724 2900 Dei,

153 2897 269 2935 nacte
281 2898 341 2935 sit.
376 2899 454 2936 Hoc
491 2898 615 2946 ipsum
645 2899 806 2947 probant
845 2900 916 2937 hae-
955 2906 991 2937 et
1034 2900 1186 2945 oblique
1223 2904 1444 2938 accusantes
1491 2912 1595 2948 eum,
1636 2903 1726 2950 quia

153 2951 255 2981 reses
272 2945 372 2984 circa
395 2946 679 2985 Matrimonium
697 2952 801 2985 orlae.
831 2948 916 2993 Qui·
955 2947 1167 2984 masculum
1204 2953 1240 2984 et
1273 2947 1469 2985 toeminam
1516 2949 1564 2986 ad
1603 2959 1725 2997 gene-
