1858 3146
77 220 190 261 1111551
207 220 339 272 riche,
361 223 396 264 si
426 237 482 265 on
513 225 556 267 la
586 228 744 269 cultive
774 229 1170 284 convenablement‚
1194 237 1237 274 et
1268 224 1363 276 ta'nt
1401 237 1552 290 qu'elle
1589 243 1656 284 est

75 284 244 328 vivente
258 287 362 328 dans
375 302 438 330 ses
452 291 612 332 recines
628 306 638 341 3
662 295 834 347 separee
848 294 1006 346 d’elles,
1020 297 1114 338 rien
1130 297 1239 338 n’est
1266 299 1360 351 plus
1383 305 1652 356 meprisable.

131 351 164 391 11
194 363 249 392 en
281 356 343 394 est
374 355 482 396 ainsi
511 357 562 397 de
593 357 733 399 rame.
768 359 863 408 Oui,
885 361 978 401 rien
1010 361 1062 402 de
1093 363 1187 415 plus
1216 364 1340 406 noble
1373 367 1528 419 qu'elle
1559 374 1654 414 tant

76 415 227 467 qu'elle
247 417 307 458 vit
327 418 377 459 de
399 420 441 460 la
460 421 525 461 vie
546 422 596 462 de
617 423 734 463 Dieu.
758 423 847 464 Elle
866 429 968 477 peut
997 428 1208 479 repondre
1241 441 1286 470 ce
1320 443 1405 482 que
1430 435 1652 486 repondait

74 481 277 522 autrefois
294 484 336 523 18
355 484 483 536 vigne
503 486 606 527 dont
625 488 756 540 parle,
779 489 883 529 dans
904 503 987 531 une
1007 493 1221 544 parabole,
1248 494 1286 534 le
1307 495 1415 536 livre
1447 497 1521 538 des
1551 501 1650 542 Rois

71 543 195 598 chap.
217 557 275 597 1x,
299 549 348 588 13
381 562 390 588 :
430 564 449 588 11
482 551 646 605 Puis-je
674 553 948 595 abandonner
982 569 1081 597 mon
1114 558 1184 598 vin
1216 560 1289 611 qui
1317 564 1379 600 est
1411 562 1452 602 18
1474 564 1562 615 joie
1596 566 1650 607 de

73 609 178 650 Dieu
198 611 302 652 dans
321 613 380 653 185
399 615 603 656 sacrifices
622 621 665 658 et
684 619 756 658 des
776 619 967 662 hommes
986 622 1091 662 dans
1112 624 1224 664 leurs
1243 637 1379 678 repas,
1405 640 1514 680 pour
1531 630 1652 672 venir

71 674 282 716 m'etablir
300 679 513 719 au-dessus
532 681 604 721 des
623 683 796 723 arbres?
816 700 837 720 »

126 740 297 781 Puisant
315 754 378 782 ses
397 743 531 785 forces
551 746 652 786 dans
671 749 712 787 la
732 749 891 790 charite
913 751 1070 802 divine,
1094 754 1174 794 elle
1194 755 1373 807 produit
1384 770 1437 798 en
1470 759 1570 800 effet
1589 773 1650 803 un

70 803 173 844 fruit
192 805 243 846 de
263 808 432 848 18811185
455 812 778 864 tres-agreables
799 817 823 854 8
845 816 967 857 Β188.
990 818 1109 868 Μ815,
1131 822 1303 872 58118188
1324 823 1374 862 118
1395 827 1504 864 88118
1535 825 1648 868 helle

67 872 203 919 vertu,
225 871 305 912 elle
323 872 492 914 devient
511 878 761 929 meprisable
782 893 943 922 comme
967 883 1006 922 le
1027 883 1117 924 bois
1138 885 1188 925 de
1210 887 1251 926 la
1272 888 1414 939 vigne,
1433 894 1473 930 et
1495 891 1577 932 elle
1592 904 1646 934 ne

66 937 149 973 sert
168 936 193 974 8
211 934 316 986 rien,
338 938 363 977 8
382 939 515 980 moins
529 942 656 994 qu’on
671 957 724 984 88
746 945 785 984 18
801 946 909 998 jette
930 947 1034 988 dans
1055 950 1093 989 le
1114 950 1183 990 feu
1205 964 1312 1003 pour
1333 953 1371 993 la
1391 954 1495 995 faire
1516 956 1644 997 devo-

63 1009 132 1038 rer
151 1011 229 1051 par
246 1000 306 1040 les
325 1002 531 1046 flammes.
553 1007 661 1047 C'est
696 1010 795 1050 bien
827 1012 866 1050 18
899 1025 944 1052 88
978 1026 1059 1066 que
1092 1015 1154 1054 dit
1172 1009 1362 1058 Ezechiel
1388 1031 1396 1058 ε
1424 1035 1443 1056 «
1466 1020 1585 1062 Alors
1603 1021 1645 1065 18

62 1062 271 1115 Soigneur
303 1067 529 1110 m'adressa
557 1084 598 1111 58
635 1075 780 1125 parole
813 1081 855 1115 et
888 1089 954 1117 me
986 1079 1079 1119 dit:
1103 1080 1187 1120 Fils
1225 1082 1276 1122 de
1316 1083 1532 1135 l'bomme‚
1559 1099 1644 1140 que

60 1126 260 1169 fera-t-on
279 1131 335 1171 du
353 1132 443 1173 bois
463 1135 513 1175 de
535 1137 575 1176 la
595 1138 750 1190 vigne?
774 1142 834 1180 Eu
868 1146 1047 1194 peut-on
1081 1147 1259 1196 prendre
1291 1161 1398 1200 pour
1435 1151 1642 1205 quelques

59 1203 266 1246 ouvrages
285 1197 336 1236 de
354 1198 445 1238 bois
464 1203 506 1239 et
520 1213 575 1241 on
595 1202 633 1243 le
655 1208 741 1244 met
760 1205 863 1245 (1885
883 1207 921 1247 18
943 1208 1012 1248 feu
1040 1222 1147 1261 pour
1180 1224 1232 1251 en
1266 1214 1354 1254 8118
1384 1215 1425 1254 18
1460 1218 1642 1268 11818187

67 1255 152 1309 (xv,
174 1261 199 1299 2
220 1262 341 1315 814.)
369 1276 389 1301 11

116 1324 255 1374 Ε8118,
279 1339 334 1366 08
367 1341 420 1368 88
460 1334 627 1372 conuait
662 1346 714 1373 88
748 1337 1008 1387 agriculture
1041 1352 1203 1380 aucune
1233 1342 1377 1394 plante
1411 1346 1483 1397 qui
1514 1347 1639 1399 exige

62 1391 212 1430 autaut
239 1391 289 1431 de
322 1395 471 1434 travail
508 1400 547 1436 81
579 1402 729 1439 autaut
758 1401 808 1439 de
843 1402 955 1441 soins
987 1416 1068 1455 que
1101 1405 1141 1444 18
1175 1406 1316 1458 vigne.
1351 1410 1414 1448 En
1435 1414 1638 1453 automno

60 1463 224 1494 comme
256 1467 308 1495 en
338 1457 471 1508 hiver,
494 1473 656 1503 comme
696 1477 747 1502 1111
786 1466 1034 1519 printemps,
1078 1481 1240 1510 comme
1278 1485 1329 1511 en
1367 1475 1451 1522 818,
1492 1476 1572 1517 8118
1608 1490 1635 1518 a

58 1516 201 1558 besoiu
225 1520 356 1561 d’etre
376 1527 623 1566 entretenue
643 1531 683 1568 81
705 1530 874 1581 soiguee
895 1532 1020 1573 d'une
1040 1535 1230 1576 81881818
1250 1538 1532 1589 particuliere.

107 1583 167 1623 La
185 1586 405 1639 vendange
424 1591 647 1642 1811111888,
677 1594 706 1633 11
743 1596 834 1634 faut
865 1610 1020 1650 couper
1043 1600 1100 1639 185
1120 1613 1228 1653 ceps,
1254 1615 1421 1644 remuer
1440 1605 1482 1645 la
1502 1609 1629 1661 terre,

53 1650 299 1690 renouveler
330 1651 390 1692 les
422 1653 554 1706 haies,
587 1660 787 1711 preparet·
819 1661 869 1701 de
899 1676 1125 1705 nonveaux
1157 1670 1335 1708 1818815.
1370 1671 1519 1718 Quand
1549 1673 1630 1716 ello

7 1706 15 1713 ’
52 1723 289 1756 8081818888
310 1720 333 1756 a
352 1731 537 1770 pousser,
563 1723 595 1763 il
616 1727 678 1764 est
699 1727 931 1768 8888558118
965 1730 1175 1772 d'enlever
1206 1733 1267 1774 les
1298 1747 1500 1776 rameaux
1533 1741 1628 1792 trop

50 1777 285 1821 nombreux
305 1783 423 1823 81185
443 1785 606 1827 feuilles
627 1790 698 1840 qui
719 1796 814 1831 sont
835 1797 927 1845 trop
947 1795 1224 1838 abundantes.
1247 1801 1326 1839 Des
1346 1813 1427 1853 que
1449 1802 1509 1843 les
1540 1804 1627 1845 rai-

50 1841 136 1883 sins
154 1848 251 1885 sont
269 1859 479 1899 parvenus
500 1854 525 1890 8
546 1865 628 1893 888
650 1855 790 1896 bonne
824 1860 1041 1910 188181118,
1063 1862 1200 1902 arrive
1234 1863 1273 1904 le
1307 1867 1444 1916 grand
1477 1868 1628 1910 travail

0 1929 5 1963 ;
14 1953 19 1964 ¹
48 1898 104 1947 'de
122 1907 163 1948 la
181 1912 422 1966 vendange.

13 2116 54 2133 1.-
96 2100 249 2146 Quarto,
270 2103 376 2139 nulla
406 2106 531 2151 planta
553 2109 626 2145 vite
648 2111 813 2148 nobilior
850 2115 991 2150 ardeat.
1028 2116 1068 2151 Et
1112 2116 1182 2153 1108
1220 2123 1274 2154 851
1314 2120 1413 2164 quod
1450 2120 1622 2162 dicitur:

10 2150 117 2198 gest,
156 2147 381 2198 foecundior,
421 2154 547 2200 ditior,
582 2157 672 2193 dum
715 2165 812 2196 recte
855 2177 867 2193 «
882 2164 1017 2199 Factus
1036 2168 1090 2199 851
1105 2175 1228 2201 sermo
1252 2166 1402 2202 Domini
1418 2167 1464 2203 ad
1485 2170 1624 2213 818,ᾱί-

506 148 719 181 ΒΙΜΑΝΟΗΕ
746 150 801 181 lm
828 151 880 182 M
907 145 1229 186 sssmAefismss.

4 2222 6 2226 .
46 2194 243 2240 excolitur,
265 2202 301 2234 et
323 2202 503 2245 quamdiu
524 2203 564 2239 in
591 2205 715 2242 radice
745 2218 811 2244 5811

16 2240 153 2286 ’Ύίνίις
180 2244 286 2281 nulla
314 2257 399 2284 vero
419 2253 756 2299 contemptibilior,
779 2257 809 2292 si

35 2291 152 2330 ,85118
171 2292 297 2329 radice
317 2301 523 2341 separetur.

43 2338 68 2361 ³⁴
89 2336 149 2374 Sic
164 2339 259 2376 nihil
275 2341 442 2380 nobilius
456 2350 512 2382 cst
524 2346 666 2392 anima,
682 2359 810 2395 quam-

42 2381 108 2422 aiu
126 2384 167 2422 in
187 2388 313 2425 radice
333 2391 525 2429 charitatis
542 2395 649 2440 vivit;
674 2402 809 2443 potest-

41 2438 114 2515 388
125 2432 249 2471 dicere
264 2438 362 2482 quod
374 2439 464 2476 olim
479 2441 564 2478 vilis
578 2442 616 2479 in
631 2445 807 2490 parabola

67 2480 226 2528 esoripta
238 2483 278 2520 in
300 2484 395 2522 libro
410 2487 580 2534 Regnum
596 2491 711 2528 fertur
726 2504 806 2530 res-

41 2527 220 2572 pondisse
253 2541 261 2567 :
288 2546 301 2564 «
327 2533 518 2581 Numquid
550 2549 702 2583 possum
738 2542 805 2577 de-

41 2581 164 2612 serere
186 2577 315 2616 vinum
348 2592 490 2627 meum,
511 2586 612 2631 quod
642 2587 806 2626 1181111881

42 2618 162 2674 Qeum
190 2629 227 2661 et
260 2626 446 2674 homiues,
468 2635 504 2668 et
536 2634 634 2670 inter
670 2642 804 2673 cratera

41 2665 158 2723 113118ι
185 2677 395 2718 promoveri
418 2679 434 2714 Ρ
481 2694 494 2710 »
537 2680 681 2728 Nempe
716 2684 803 2722 huic

40 2714 164 2771 radici·
188 2719 378 2760 charitatis
410 2725 616 2773 inhaerens,
639 2730 802 2768 fructum

41 2767 167 2800 meriti
186 2769 356 2811 producit
376 2775 683 2821 acceptissimum
703 2780 800 2826 apud

39 2808 175 2847 Deum.
188 2812 218 2848 E
237 2821 367 2855 contra
387 2831 486 2866 vcro,
508 2823 539 2859 si
559 2836 581 2861 a
601 2826 725 2862 radice
746 2839 802 2864 se-

37 2862 191 2903 paretur
215 2860 422 2915 oberimus,
442 2868 561 2907 instar
591 2872 684 2920 ligni
717 2875 802 2912 vitis

38 2908 336 2962 contemptibilis
371 2919 440 2960 est,
478 2921 515 2954 et
550 2920 597 2956 ad
636 2922 799 2960 nihilum

35 2951 149 2998 valet,
170 2962 305 2995 815181
331 2959 374 2997 in
403 2962 529 3008 ignem
560 2967 742 3018 mittatur,
764 2976 800 3008 et

850 2220 964 2247 88115;
982 2211 1050 2246 Fili
1069 2211 1250 2258 hominis,
1269 2214 1359 2259 quid
1375 2215 1438 2251 liet
1451 2216 1496 2252 de
1517 2218 1621 2264 ligno

851 2258 959 2294 vitis?
979 2258 1171 2306 Numquid
1193 2262 1345 2298 tolletur
1365 2267 1404 2298 ut
1424 2273 1470 2300 ex
1490 2276 1533 2302 80
1555 2266 1621 2303 fiat

848 2315 941 2351 opus
979 2308 1263 2355 quodcumque,
1298 2314 1368 2346 etc.
1403 2310 1499 2349 Ecce
1538 2314 1619 2360 igni

847 2353 975 2389 datum
996 2360 1047 2390 est
1067 2355 1108 2391 18
1128 2366 1267 2392 escam.
1289 2372 1301 2388 a

895 2401 1099 2447 Postremo,
1147 2403 1318 2441 dicamus
1351 2406 1390 2442 in
1430 2409 1620 2456 ornniagri

845 2448 1003 2486 culturae
1058 2461 1196 2496 genere
1257 2453 1355 2490 nihil
1407 2455 1456 2491 ita
1518 2457 1617 2494 assi-

845 2495 963 2533 duum
984 2497 1152 2534 laborem
1182 2505 1218 2534 et
1251 2510 1381 2538 curam
1403 2503 1619 2543 desiderare

844 2548 954 2590 atque
977 2545 1148 2589 vineam;
1170 2548 1259 2592 quia
1292 2554 1326 2584 ct
1354 2550 1393 2587 in
1414 2555 1614 2598 autumno,

844 2597 879 2626 et
899 2592 937 2628 in
963 2592 1111 2638 hyeme,
1132 2599 1167 2630 ct
1189 2596 1228 2631 in
1249 2606 1347 2642 vere,
1369 2603 1405 2634 81
1427 2598 1466 2635 in
1486 2603 1615 2638 aestate

844 2639 1067 2677 industriam
1094 2642 1262 2688 aliquam
1292 2649 1326 2680 et
1360 2656 1491 2683 euram
1523 2658 1614 2694 pos·

842 2687 905 2723 cit.
1130 2722 1139 2730 ,

891 2734 986 2772 Nam
1027 2736 1133 2772 linita
1164 2737 1356 2775 vindemia
1394 2747 1613 2783 resecantur

841 2782 1030 2828 palmites,
1048 2788 1144 2820 terra
1165 2785 1359 2833 refoditur,
1376 2798 1483 2835 sepes
1503 2800 1613 2829 reno-

843 2834 989 2875 vantur,
1013 2833 1267 2869 sustentacula
1296 2845 1394 2872 nova
1412 2843 1611 2883 parantur.

840 2878 933 2914 Cum
954 2888 1040 2914 vero
1060 2878 1194 2925 incipit
1212 2881 1415 2928 pullulare,
1436 2886 1612 2932 pampini

840 2930 1067 2971 purgantur,
1115 2926 1205 2963 solia
1249 2933 1439 2976 superflua
1480 2934 1613 2972 excin-

838 2972 995 3010 duntur.
1019 2974 1114 3012 Cum
1133 2978 1384 3016 maturuerint
1404 2978 1515 3027 botri,
1530 2991 1612 3021 mv
