1858 3146
1671 125 1745 168 1ss

175 229 280 261 vous
308 217 480 259 connais
511 229 600 271 pas,
621 216 892 258 retirez-vous
927 214 979 255 de
1011 213 1098 254 moi
1128 226 1232 254 vous
1263 216 1357 254 tous
1389 216 1464 268 qui
1496 217 1746 257 eommettez

178 283 402 337 l’iniquite,
424 285 449 323 a
468 283 660 323 eombien
690 281 787 335 plus
819 280 927 320 forte
952 279 1094 319 raison
1124 290 1169 319 se
1200 279 1340 319 sert-il
1371 280 1423 320 de
1454 281 1615 333 pretres
1646 280 1752 322 dans

175 348 592 401 l’accomplissement
619 347 670 387 de
707 345 799 386 leur
829 344 1046 385 ministere
1078 344 1209 384 divin.
1239 359 1260 380 »
1290 343 1441 396 (homil.
1481 348 1506 384 2
1537 359 1608 385 sur
1640 345 1682 387 la
1707 347 1750 386 2·

177 413 295 468 Epz‘t.
320 413 344 453 ἀ
364 412 593 466 Τι’νποτΙιέε.)

230 478 348 519 Voici
367 490 425 518 un
444 480 565 518 autre
585 476 686 516 trait
705 475 785 516 tire
805 475 856 515 de
876 475 917 515 la
937 475 1003 515 vie
1024 474 1097 514 des
1117 474 1245 514 saints
1265 474 1407 514 Peres.

228 545 295 586 Un
316 543 577 584 Anachorete
596 541 804 594 possedait
822 541 926 580 dans
959 553 1015 580 un
1036 540 1119 580 lieu
1151 539 1337 579 solitaire
1369 552 1453 579 une
1483 540 1619 592 petite
1650 540 1752 580 cha-

177 609 284 662 pelle
301 623 311 659 ;
334 621 392 648 un
411 608 550 660 pretre
571 606 671 646 d'un
690 606 830 658 bourg
849 605 983 645 voisin
1005 605 1066 657 s'y
1085 604 1252 644 rendait
1283 609 1378 644 tous
1410 604 1470 644 les
1503 604 1751 646 dimanches

177 686 285 727 pour
304 687 331 726 y
351 672 534 713 celebrer
554 671 594 711 la
614 671 748 711 sainte
769 671 899 711 Messe
919 673 960 710 et
980 670 1040 710 lui
1061 669 1225 709 donner
1244 669 1285 708 la
1299 669 1434 710 sainte
1449 669 1749 711 Communion.

178 741 319 792 Ayant
338 738 477 791 appris
496 749 551 776 un
567 736 682 789 jour,
705 748 788 789 que
807 747 852 776 ce
883 736 1023 788 pretre
1055 735 1217 776 menait
1248 747 1332 774 une
1369 735 1586 775 mauvaise
1617 735 1699 784 vie,
1720 736 1751 776 il

178 816 232 844 ne
251 803 398 844 voulut
416 803 510 855 plus
530 802 589 841 lui
610 802 753 842 laisser
773 801 862 841 dire
884 801 925 841 la
946 811 1080 840 messe
1112 803 1154 840 et
1187 799 1373 839 recevoir
1404 799 1446 839 la
1476 800 1752 841 communion

178 869 230 909 de
250 880 313 908 ses
342 868 493 907 mains.
526 868 597 916 Or,
621 879 701 919 peu
731 867 783 906 de
814 869 952 918 temps
982 867 1117 918 apres,
1152 877 1315 905 comme
1347 865 1376 904 il
1409 877 1451 904 se
1482 866 1668 905 trouvait
1697 877 1752 906 en

177 933 525 987 contemplation,
549 932 580 972 il
599 931 791 973 entendit
810 943 890 971 une
904 931 1001 971 voix
1015 931 1088 984 qui
1102 930 1227 970 disait
1250 942 1259 969 z
1286 944 1305 967 α
1326 933 1404 970 Les
1413 930 1604 971 hommes
1617 931 1754 972 m’ont

178 999 324 1040 enleve
343 998 382 1038 le
401 998 510 1038 droit
538 997 589 1038 de
605 998 749 1050 juger.
771 1011 789 1035 n
814 997 928 1046 Puis,
952 996 1041 1036 ravi
1063 999 1153 1036 tout
1182 997 1207 1035 a
1238 1007 1344 1047 coup
1377 1008 1430 1035 en
1457 1000 1613 1045 extase,
1638 996 1669 1037 il
1687 997 1752 1037 vit

178 1076 237 1104 un
255 1064 367 1116 puits
387 1063 536 1116 rempli
557 1063 683 1103 d’une
704 1075 782 1102 eau
803 1062 991 1114 limpide,
1015 1061 1135 1101 muni
1156 1061 1254 1100 d’un
1275 1073 1391 1110 seau,
1425 1061 1550 1102 d'une
1580 1073 1684 1102 roue
1708 1064 1753 1102 et

177 1128 303 1169 d'une
322 1129 469 1169 chaine
489 1128 593 1168 d'or.
627 1128 694 1169 Un
726 1127 899 1180 lepreux
929 1127 1064 1166 arrive
1095 1130 1137 1166 et
1166 1126 1285 1178 puise
1317 1125 1367 1165 de
1401 1125 1525 1166 l'eau.
1558 1126 1680 1167 Alors
1710 1126 1755 1166 la

178 1195 315 1234 meme
334 1194 433 1234 voix
454 1194 515 1233 dit
549 1195 574 1233 a
604 1193 885 1232 l'anachorete
908 1205 916 1232 :
942 1207 961 1228 α
986 1191 1219 1244 Approche,
1242 1190 1348 1239 bois,
1380 1191 1520 1243 apaise
1539 1195 1584 1232 ta
1603 1192 1704 1242 soif3
1728 1207 1749 1229 »

177 1260 285 1299 mais
305 1259 366 1298 lui
385 1259 487 1299 etait
517 1258 715 1306 hesitant,
738 1257 766 1296 il
786 1258 899 1297 avait
918 1264 1023 1310 peur
1047 1257 1099 1297 de
1119 1257 1235 1296 boire
1269 1268 1350 1296 une
1383 1268 1462 1296 eau
1497 1257 1641 1309 puisee
1672 1269 1752 1310 par

180 1336 237 1364 un
259 1323 501 1376 lepreux,et
521 1324 562 1363 la
581 1323 678 1363 voix
697 1322 756 1362 lui
775 1322 1015 1375 reprochait
1033 1324 1076 1362 et
1095 1334 1170 1361 son
1192 1321 1418 1361 hesitation
1439 1325 1482 1362 et
1500 1334 1577 1362 son
1598 1322 1718 1362 effroi
1735 1335 1746 1363 :

184 1404 204 1426 «
225 1388 438 1441 Pourquoi
464 1387 693 1428 tardes-tu?
726 1389 784 1427 De
814 1387 914 1440 quoi
947 1391 1061 1426 as-tu
1088 1386 1221 1438 peur?
1254 1386 1379 1426 L'eau
1409 1391 1471 1426 est
1503 1387 1753 1437 excellente,

178 1466 284 1506 pure
303 1457 346 1494 et
364 1453 686 1492 tres-salutaire.
709 1453 764 1492 Le
788 1452 963 1505 lepreux
981 1463 1034 1491 en
1053 1450 1094 1490 la
1113 1451 1280 1503 puisant
1302 1463 1354 1490 ne
1388 1451 1441 1490 l'a
1462 1463 1535 1504 pas
1556 1452 1748 1503 touchee‚

180 1530 234 1559 ne
255 1517 309 1558 l'a
327 1530 400 1570 pas
419 1518 617 1566 souillee;
639 1517 729 1557 bois
750 1517 860 1556 donc
879 1521 920 1556 et
939 1528 993 1555 ne
1012 1516 1053 1556 la
1078 1515 1256 1567 regarde
1289 1528 1377 1568 pas,
1401 1528 1454 1556 ne
1483 1515 1524 1556 la
1557 1529 1756 1570 repousse

181 1594 256 1636 pas
274 1595 374 1622 avec
393 1583 562 1636 mepris.

234 1649 405 1689 Revenu
425 1650 450 1688 a
468 1648 543 1697 lui,
568 1648 605 1688 le
626 1648 811 1688 solitaire
845 1647 1023 1700 comprit
1042 1647 1092 1687 de
1114 1647 1220 1686 suite
1242 1646 1344 1699 qu’il
1377 1646 1560 1687 n'aurait
1591 1660 1666 1700 pas
1697 1648 1756 1689 du

179 1714 383 1767 mepriser
402 1716 443 1754 et
463 1726 683 1766 repousser
702 1726 748 1754 ce
769 1713 908 1765 pretre
930 1712 1001 1765 qui
1022 1712 1176 1765 puisait
1197 1724 1304 1764 pour
1330 1712 1407 1762 lui,
1429 1712 1534 1752 dans
1548 1713 1588 1752 la
1610 1725 1758 1754 source

180 1778 321 1819 divine
339 1779 411 1820 des
428 1781 696 1829 sacrements,
722 1778 831 1818 l'eau
851 1779 945 1818 vive
965 1778 1017 1818 de
1038 1779 1079 1818 la
1110 1778 1178 1818 vie
1198 1777 1422 1827 eternelle3
1446 1778 1476 1817 il
1510 1777 1549 1818 le
1578 1779 1759 1832 comprit

503 129 725 170 ramsrnua
754 135 970 167 umacus
997 126 1125 166 Aruns
1154 125 1425 166 remensum.

183 2009 249 2046 per
283 1999 488 2046 Prophetas
523 2000 608 2036 illos
646 1999 784 2046 quibus
822 1999 947 2035 dictu-

184 2057 247 2083 rus
275 2051 330 2083 est
353 2057 361 2084 :
385 2046 468 2084 Non
503 2047 590 2083 novi
616 2058 695 2101 VOS,
716 2047 896 2101 discedite
927 2058 948 2082 a

184 2146 275 2185 tem,
305 2146 445 2188 quanto
485 2143 604 2188 magis
632 2153 698 2190 per
731 2143 949 2179 Sacerdotes

183 2189 311 2263 divipo
327 2190 542 2236 ministerio
560 2190 788 2227 famulantes
813 2200 947 2237 opera-

186 2241 264 2273 tur.
288 2251 301 2268 υ

231 2284 325 2321 Audi
347 2285 481 2321 iterum
502 2295 546 2320 ex
568 2285 653 2321 vitis
674 2285 837 2321 Patrum.
855 2284 949 2328 Qui-

183 2332 270 2369 dam
303 2332 537 2369 Anachoreta
576 2332 758 2369 sacellum
790 2333 829 2368 iu
866 2332 948 2369 loco

182 2378 349 2416 solitario
371 2379 543 2423 habebat,
564 2381 610 2416 ad
631 2381 729 2426 quod
749 2390 770 2416 e
790 2380 871 2416 vico
891 2380 949 2416 vi-

183 2427 271 2464 cino
291 2428 470 2464 Sacerdos
500 2427 643 2464 solebat
662 2428 702 2464 in
722 2428 783 2464 die
819 2428 947 2464 Domi-

168 2474 271 2516 ,nica
287 2475 334 2511 ad
361 2475 631 2512 celebrandum
651 2475 793 2519 venire,
813 2474 859 2512 de
879 2486 948 2512 cu-

179 2521 243 2568 jus
263 2532 378 2559 manu
399 2533 544 2559 sacram
565 2523 841 2559 Eucharistiam
861 2533 949 2570 per—

184 2569 359 2616 cipiebat.
382 2571 474 2607 Cum
495 2575 621 2607 autem
653 2582 674 2607 a
694 2571 857 2618 quodam
887 2581 949 2607 au-

184 2616 298 2653 disset
319 2617 381 2654 hic
411 2618 601 2655 solitarius
620 2618 763 2655 dictum
797 2618 951 2664 Presby-

184 2669 306 2701 terum
377 2676 473 2702 ravae
511 2677 591 2702 esse
637 2667 948 2708 conversationis,

186 2711 309 2748 noluit
329 2722 352 2748 u
373 2717 425 2749 tra
445 2723 532 2750 eum
561 2713 757 2750 admittere
781 2714 828 2750 ad
848 2714 949 2750 cele·

187 2757 389 2805 brandum,
410 2771 480 2797 nec
501 2761 546 2797 de
566 2761 647 2808 ejus
669 2771 782 2798 manu
804 2771 949 2798 sacram

187 2807 361 2860 synaxim
389 2808 595 2855 percipere.
624 2809 795 2853 Quodam
824 2814 950 2852 autem

188 2852 250 2889 dte
266 2864 368 2907 ‘cum
406 2855 446 2892 in
480 2857 800 2904 contemplatione
838 2861 949 2900 esset,

189 2899 330 2954 audivit
347 2913 478 2940 vocem
500 2914 508 2940 :
531 2919 543 2937 α
568 2904 752 2942 Tulerunt
778 2905 952 2941 homines

187 2947 371 2992 judicium
390 2961 532 2988 meum.
551 2967 565 2984 ι·
588 2952 633 2989 Et
654 2962 742 2990 mox
771 2952 891 2989 factus
912 2953 952 2988 in

987 1998 1116 2041 extasi,
1140 1998 1263 2034 videre
1294 1998 1366 2034 sibi
1387 1998 1487 2034 visus
1516 2003 1569 2034 est
1600 2003 1758 2044 puteum

986 2056 1092 2091 aquae
1114 2046 1296 2092 limpidae,
1319 2051 1399 2082 rota
1417 2051 1452 2081 et
1475 2045 1606 2090 hydria
1626 2056 1756 2091 aurea,

986 2103 1174 2140 aureoque
1207 2094 1296 2129 fune
1327 2093 1551 2130 instructum
1580 2094 1626 2129 ad
1661 2093 1758 2130 hau-

987 2141 1175 2177 riendum.
1219 2141 1377 2176 Advenit
1421 2146 1547 2177 autem
1588 2141 1758 2187 leprosus

987 2189 1155 2235 quidam.
1177 2193 1211 2224 ct
1235 2189 1357 2225 hausit
1377 2199 1513 2234 aquam
1540 2188 1757 2235 limpidissi—

988 2247 1101 2273 mam.
1117 2237 1224 2272 Tunc
1255 2247 1326 2272 vox
1348 2237 1518 2272 insonuit
1542 2247 1548 2271 :
1570 2252 1582 2267 u
1614 2236 1758 2273 Accede

987 2288 1022 2320 et
1044 2284 1142 2327 bibe,
1167 2285 1341 2330 sitimque
1362 2285 1551 2330 extingue.
1572 2299 1585 2317 »
1611 2284 1654 2319 At
1691 2283 1759 2321 ille

989 2331 1165 2375 haerebat,
1184 2336 1219 2367 et
1242 2331 1415 2368 horrebat
1436 2342 1479 2367 eo
1501 2332 1599 2378 quod
1620 2341 1758 2378 aquam

987 2391 1008 2415 a
1031 2380 1190 2426 Leproso
1213 2379 1384 2416 haustam
1415 2380 1569 2415 viderat.
1593 2379 1637 2415 Et
1668 2388 1758 2416 ecce

988 2428 1124 2463 iterum
1156 2438 1225 2464 vox
1265 2438 1352 2463 eum
1379 2427 1593 2472 increpans.
1619 2441 1633 2459 υ
1658 2426 1759 2471 Quid

988 2476 1171 2512 moraris?
1190 2475 1288 2518 Quid
1311 2475 1476 2510 vereris?
1495 2475 1598 2520 Aqua
1612 2475 1756 2521 optima

988 2528 1055 2568 est,
1100 2523 1182 2558 viva
1213 2527 1249 2558 et
1281 2522 1542 2558 saluberrima.
1574 2522 1758 2568 Leprosus

988 2571 1018 2606 si
1041 2570 1165 2607 hausit
1187 2570 1285 2606 haud
1306 2580 1388 2605 eam
1418 2570 1552 2615 tetigit,
1573 2569 1674 2606 haud
1692 2569 1757 2606 in-

988 2618 1096 2661 fecit3
1134 2617 1218 2654 bibe
1251 2627 1353 2663 ergo,
1375 2627 1446 2652 nec
1479 2627 1562 2653 eam
1591 2627 1757 2654 nausea-

988 2665 1138 2702 bundus
1158 2665 1322 2710 despice,
1344 2669 1408 2699 aut
1428 2663 1580 2711 repelle.
1599 2679 1613 2696 »

1035 2714 1230 2750 Solitarius
1242 2723 1351 2758 porro
1364 2712 1434 2747 iste
1445 2722 1465 2748 e
1471 2711 1658 2758 profundo
1669 2722 1759 2749 con-

990 2760 1246 2806 templationis
1264 2760 1310 2795 ad
1331 2769 1371 2795 se
1390 2759 1554 2805 rediens,
1577 2770 1664 2795 mox
1691 2759 1756 2797 in-

991 2808 1149 2850 tellexit,
1170 2818 1192 2842 a
1212 2817 1250 2842 se
1283 2817 1361 2842 non
1391 2806 1507 2843 fuisse
1539 2806 1757 2853 despicien-

989 2857 1093 2899 dum,
1129 2859 1190 2890 aut
1236 2854 1485 2900 rejiciendum
1523 2854 1757 2892 sacerdotem

990 2903 1114 2947 illum,
1136 2901 1200 2948 qui
1232 2901 1266 2938 ei
1297 2912 1434 2948 aquam
1466 2902 1589 2939 vivam
1621 2902 1667 2939 de
1686 2902 1757 2939 Sa-

995 2953 1275 2987 cramentorurn
1305 2949 1434 2987 divino
1466 2949 1571 2988 fonte
1602 2949 1759 2997 hauries
