1858 3146
175 152 256 192 212

175 240 315 293 figure
352 239 404 280 (16
434 239 605 293 l’Eglise
634 242 677 280 et
706 240 759 281 de
789 253 835 281 66
866 239 940 293 qui
971 240 1111 280 devait
1138 239 1200 279 lui
1236 239 1397 279 arriver
1427 239 1533 280 dans
1564 239 1604 281 16
1623 253 1748 283 cours

177 305 250 346 des
269 305 427 345 5166165.
449 305 570 346 Saint
586 306 800 359 Augustin
830 306 871 346 16
904 308 1071 346 mentre
1102 305 1380 356 longuement
1411 307 1452 345 et
1472 306 1746 347 tres-savam-

177 372 309 411 ment.
333 369 480 424 (Serm.
501 371 585 424 78).

230 435 432 488 Rebecca,
454 436 517 476 dit
535 448 580 476 ce
601 436 712 476 saint
732 436 919 488 docteur,
941 438 1092 488 concut
1111 434 1282 485 d’Isaac‚
1303 447 1428 487 parce
1461 447 1544 488 que
1575 435 1751 488 l’Eglise

177 500 318 542 devait
337 502 557 542 concevoir
576 502 633 541 du
653 501 806 542 Christ.
825 503 884 541 De
903 501 1040 541 meme
1061 513 1142 553 que
1162 500 1267 539 dans
1287 499 1326 540 le
1358 500 1449 540 sein
1482 500 1533 540 de
1562 501 1749 542 Rebecca

177 565 291 607 deux
303 566 467 606 enfants
487 566 647 606 etaient
672 579 724 606 en
744 566 924 618 dispute,
946 566 997 606 de
1018 566 1172 616 meme,
1195 565 1299 604 dans
1320 564 1359 605 16
1378 565 1468 605 5616
1489 565 1540 606 (16
1558 564 1745 618 l'Eglise,

176 643 286 672 nous
303 634 505 671 trouvons
525 631 636 671 deux
655 630 826 684 peupies
847 643 898 670 en
916 633 1116 683 presence
1137 634 1179 670 et
1198 630 1390 682 toujours
1410 631 1586 683 opposes
1614 631 1703 671 l'un
1722 633 1751 672 6

176 694 341 736 l’autre.
363 697 397 736 Il
417 696 489 749 n'y
509 696 646 735 aurait
666 695 796 748 qu'un
815 695 906 736 seul
925 696 1094 748 966916,
1127 696 1192 735 5’11
1211 695 1383 736 existait
1409 695 1645 736 seulement
1677 697 1750 737 des

176 761 368 802 hommes
387 762 492 801 bons
513 774 567 800 ou
587 760 822 800 seulement
841 761 912 800 des
930 761 1122 801 hommes
1141 761 1375 801 6166116615,
1392 761 1495 800 Μ615
1515 773 1679 802 comme
1697 761 1750 802 ils

178 827 360 868 existent
380 827 484 866 dans
503 826 688 877 t’Eglise‚
713 830 755 865 et
773 825 834 865 les
853 837 932 865 uns
960 830 1001 866 61
1032 826 1092 866 165
1122 829 1277 876 autres,
1300 826 1351 866 ils
1377 827 1563 866 forment
1585 826 1690 867 dans
1709 826 1751 867 16

177 892 268 932 sein
287 891 339 932 de
357 894 463 931 cette
484 891 669 931 Rebecca
696 890 943 943 spirituelle,
966 891 1079 931 deux
1109 892 1282 943 peuples
1313 891 1506 942 toujours
1539 903 1592 931 66
1626 891 1748 932 luite.

177 956 355 1009 Peuples
374 957 588 1007 6011190565
607 967 683 1008 par
701 955 761 995 les
780 955 974 995 humbles
994 958 1036 995 61
1056 956 1116 995 165
1135 956 1418 1008 orgueilleux,
1441 957 1500 996 les
1526 957 1688 997 chastes
1707 960 1750 998 61

177 1020 238 1062 165
256 1021 538 1074 impudiques,
559 1020 619 1060 165
638 1020 983 1060 misericordieux
1002 1023 1044 1061 et
1063 1020 1121 1060 les
1149 1022 1341 1070 violents,
1364 1022 1423 1061 les
1455 1022 1751 1062 bienveillants

178 1090 221 1127 et
256 1086 316 1126 les
353 1086 548 1136 envieux,
588 1085 647 1124 les
687 1086 901 1136 genereux
942 1087 984 1125 et
1027 1085 1087 1125 165
1124 1098 1285 1126 avares.
1324 1089 1402 1126 Les
1438 1086 1544 1126 bons
1580 1087 1751 1127 veulent

177 1151 387 1192 convertir
405 1152 463 1191 les
482 1150 701 1190 1666116615
722 1152 763 1189 61
781 1150 841 1189 165
862 1150 1080 1189 [1166116615
1100 1150 1272 1190 veulent
1291 1151 1487 1190 66666111
1507 1152 1566 1191 165
1584 1152 1709 1191 bons.

230 1218 296 1257 Du
316 1229 423 1268 sang
444 1215 599 1256 d’Isaac
618 1217 730 1256 Esau
748 1219 789 1255 et
806 1215 936 1256 Jacob
956 1218 1052 1255 sont
1071 1215 1226 1255 formes
1246 1218 1288 1256 61
1309 1216 1495 1256 116155661
1527 1229 1580 1256 66
1613 1218 1752 1258 meme

177 1285 334 1335 temps;
357 1282 459 1322 d’un
477 1281 564 1322 seul
586 1281 782 1333 bapteme
802 1281 975 1321 institue
987 1293 1064 1333 par
1083 1280 1122 1320 16
1138 1280 1292 1331 Christ,
1314 1294 1367 1320 nu
1383 1281 1472 1321 sein
1487 1281 1538 1322 de
1559 1282 1748 1335 l’Eglise,

177 1348 269 1388 nait
288 1348 326 1388 le
346 1346 496 1400 966916
516 1346 703 1386 6111611611
723 1346 808 1398 qui,
834 1347 859 1385 6
879 1358 1000 1385 66656
1021 1345 1120 1385 d’un
1141 1346 1435 1397 antagonisme
1451 1350 1686 1398 provenant
1699 1348 1752 1388 de

177 1412 427 1453 sentiments
448 1411 664 1451 differents
683 1423 846 1451 comme
866 1410 973 1451 66161
995 1410 1069 1463 qui
1089 1410 1257 1450 existuit
1276 1414 1396 1451 entre
1415 1413 1527 1451 Esau
1547 1415 1588 1452 et
1605 1412 1751 1464 Jacob,

178 1478 314 1519 forme
334 1477 445 1517 deux
463 1488 620 1529 camps.

231 1543 432 1592 Rebecca,
455 1554 508 1582 66
527 1545 716 1594 pouvant
734 1542 955 1592 supporter
974 1540 1013 1580 16
1032 1540 1211 1593 chagrin
1233 1553 1314 1593 que
1334 1541 1394 1580 lui
1414 1542 1574 1582 causait
1592 1543 1634 1582 16
1666 1543 1751 1583 (115-

176 1613 279 1663 pute
296 1609 348 1648 de
366 1620 430 1648 565
449 1607 631 1654 6616615,
654 1605 833 1646 5’6611611
855 1617 866 1646 z
894 1619 914 1644 (1
934 1605 979 1646 Si
999 1605 1088 1645 cela
1107 1606 1248 1646 devait
1267 1606 1500 1655 m'arriver,
1524 1608 1751 1660 qu’etait-il

176 1674 323 1716 besoin
345 1685 426 1725 que
441 1672 486 1724 je
505 1671 727 1723 concusse?
743 1685 762 1708 »
780 1673 836 1711 Le
858 1671 1067 1722 Seigneur
1087 1671 1147 1710 lui
1167 1671 1365 1723 repondit
1383 1683 1392 1710 z
1414 1685 1433 1709 «
1448 1673 1567 1712 Deux
1582 1673 1752 1714 nations

178 1742 274 1781 sont
293 1739 397 1779 dans
414 1750 486 1777 vos
505 1736 718 1776 entrailies
738 1739 780 1775 et
799 1736 912 1775 deux
931 1736 1103 1788 peuples
1123 1735 1326 1776 sortiront
1346 1736 1397 1776 de
1417 1740 1536 1777 voire
1557 1738 1663 1789 sein,
1677 1738 1753 1791 qui

178 1817 222 1846 se
241 1804 470 1846 diviseront
501 1802 588 1842 l’un
620 1805 762 1841 contre
794 1800 958 1850 rantra,
982 1800 1070 1840 l’un
1099 1801 1150 1841 de
1179 1813 1245 1842 ces
1277 1802 1450 1854 peuples
1483 1806 1753 1846 surmontera

176 1870 342 1920 l’autre,
365 1873 406 1909 et
424 1868 549 1908 l'aine
570 1879 662 1907 sera
681 1866 869 1918 assujetti
887 1878 941 1906 au
961 1866 1054 1919 plus
1069 1858 1214 1919 Jeune.
1239 1866 1350 1920 (Gen.
1372 1879 1471 1919 xxv,
1494 1871 1545 1908 92
1566 1873 1608 1909 et
1627 1869 1746 1923 23>.›·

229 1936 287 1976 Le
308 1945 408 1973 nom
428 1933 566 1972 d'ainc
587 1931 763 1981 designa
794 1931 854 1971 les
884 1932 1117 1982 6166116615,
1139 1944 1209 1971 car
1239 1931 1290 1971 ils
1322 1937 1415 1972 sont
1446 1934 1637 1985 toujours
1656 1934 1752 1987 plus

176 1999 430 2041 nombreux.
453 1999 674 2038 Comment
693 1996 800 2036 donc
819 1996 1101 2036 servirent-ils
1120 1996 1180 2037 les
1211 1997 1342 2037 bons?
1364 1998 1458 2049 Car,
1483 2010 1535 2038 en
1568 2002 1752 2051 prenant

175 2065 218 2106 le
237 2077 329 2105 5665
346 2062 503 2104 litteral
522 2063 573 2103 de
592 2062 827 2113 l'Ecriture,
844 2074 898 2102 on
919 2074 973 2102 ne
994 2062 1083 2102 voit
1101 2074 1175 2115 pas
1195 2062 1379 2115 qu'Esau
1399 2063 1458 2103 ait
1477 2064 1586 2104 servi
1604 2064 1755 2108 Jacobs

598 161 647 191 m
677 161 880 192 nummu.
908 161 982 192 6115
1012 152 1331 191 161161οΑ156115.

111 2238 113 2240 -
178 2229 311 2256 cerum
349 2228 432 2264 quae
472 2217 511 2253 in
562 2216 731 2253 Ecclesia
781 2216 946 2261 gerenda

178 2271 285 2308 erant
307 2276 315 2303 ε
339 2270 379 2302 ut
399 2263 629 2309 Augustinus
646 2265 725 2300 susc
746 2268 781 2299 ct
802 2264 946 2300 erudite

178 2314 356 2361 explicat.
391 2312 586 2358 Concepit,
616 2311 738 2358 inquit
777 2311 869 2358 ipsc,
900 2311 946 2346 de

179 2363 286 2399 Isaac
340 2359 525 2404 Rebecca,
558 2359 646 2405 quin
715 2363 945 2405 conceptura

179 2414 258 2447 erat
288 2409 335 2445 dc
366 2408 513 2445 Christe
546 2406 727 2443 Ecclesia.
749 2407 819 2442 Scd
849 2406 946 2442 sicut

179 2458 254 2495 duo
273 2456 421 2511 parvuli
442 2455 483 2492 in
503 2458 607 2491 utero
637 2453 915 2491 collidebantur
935 2470 943 2497 ;

179 2505 234 2541 sic
271 2514 312 2540 111
352 2507 458 2540 utero
498 2501 677 2539 Ecclesia:
709 2502 782 2538 due
815 2501 943 2548 populi

179 2552 438 2589 adversantur.
461 2549 498 2587 Si
518 2550 621 2586 enim
641 2553 705 2586 aut
736 2548 807 2586 50Ιί
839 2549 943 2592 boni,

179 2603 244 2635 uut
265 2599 336 2636 soli
367 2598 458 2635 mali
489 2601 628 2641 essent,
652 2607 751 2634 unus
808 2596 944 2651 opulus

180 2646 274 2684 soret
315 2657 324 2683 :
365 2646 452 2692 quia
491 2655 576 2683 vere
616 2645 655 2682 in
703 2644 776 2682 Ecc
794 2655 871 2681 6516
909 2647 944 2681 ct

179 2693 271 2731 boni
304 2698 394 2730 sunt
423 2697 458 2730 ct
491 2692 582 2730 mati
619 2692 724 2740 quasi
745 2692 784 2729 in
816 2695 945 2728 ventre

179 2741 359 2825 51911116Ιί5
380 2740 557 2778 Rebeccae
603 2750 650 2777 ue
670 2738 800 2787 pepuli
833 2738 943 2776 coili-

207 2794 334 2834 untur‚
358 2789 522 2825 humiles
540 2788 685 2826 scilieet
715 2791 751 2824 ct
776 2786 943 2834 superbi,

180 2837 271 2873 casti
293 2840 328 2873 ct
349 2836 525 2880 adulteri,
541 2834 729 2873 mansueti
742 2838 778 2872 et
797 2835 944 2872 iracun-

178 2883 232 2930 di,
255 2883 408 2928 benigni
447 2888 484 2920 ct
516 2883 650 2929 invidi,
683 2881 945 2920 misericordes

179 2934 217 2968 et
235 2928 379 2979 cupidi.
403 2931 493 2969 Boni
514 2931 618 2968 enim
650 2929 790 2969 lucrari
813 2929 945 2968 volunt

178 2977 315 3029 malos,
337 2978 429 3018 mali
466 2979 686 3029 extinguere
722 2977 857 3019 henos.
892 2977 946 3018 De

986 2226 1062 2252 uno
1101 2216 1203 2252 Isaac
1242 2216 1387 2253 semine
1426 2217 1521 2253 Esau
1561 2222 1596 2253 et
1632 2218 1750 2256 Jacob

986 2268 1207 2309 nascuntur,
1228 2264 1275 2300 de
1294 2274 1370 2300 uno
1403 2264 1592 2310 Baptismo
1619 2265 1752 2302 Salva-

987 2311 1075 2347 toris
1123 2317 1158 2347 et
1208 2311 1388 2349 Ecclesiae
1438 2316 1543 2349 utero
1586 2313 1753 2360 populus

985 2358 1219 2395 Christianus
1256 2363 1488 2406 procreatur,
1518 2359 1582 2406 qui
1620 2365 1751 2399 tamen

985 2417 1050 2452 pro
1090 2417 1239 2443 morum
1267 2407 1493 2452 diversitate,
1517 2408 1613 2444 sicut
1650 2408 1751 2446 Esau

984 2458 1019 2490 et
1038 2454 1166 2498 Jacob,
1189 2454 1228 2491 in
1261 2455 1354 2491 duas
1392 2460 1517 2501 partes
1553 2454 1749 2493 dividitur.

983 2502 1076 2537 Cum
1097 2507 1221 2538 nutem
1256 2501 1423 2539 Rebecca
1452 2502 1674 2540 modestiam
1701 2513 1750 2540 ex

984 2559 1186 2595 puerorum
1208 2549 1406 2586 collisione
1423 2560 1500 2586 non
1527 2550 1747 2598 sustineret,

983 2596 1046 2632 sed
1068 2597 1209 2633 diecret
1232 2607 1240 2633 ;
1267 2612 1280 2629 u
1303 2597 1340 2633 Si
1373 2597 1427 2633 sie
1459 2597 1627 2634 Futurum
1654 2602 1748 2646 erut,

982 2644 1073 2690 quid
1105 2654 1260 2681 neccsse
1291 2644 1361 2681 suit
1393 2645 1622 2691 concipere?
1648 2661 1663 2679 »
1689 2645 1750 2683 Ait

986 2691 1198 2728 Dominus:
1225 2707 1238 2724 «
1272 2692 1360 2728 Dum
1399 2696 1529 2739 gentes
1562 2692 1602 2729 in
1641 2696 1750 2731 utero

984 2742 1046 2775 tuo
1076 2743 1175 2783 sunt,
1199 2744 1233 2776 et
1265 2739 1339 2776 duo
1379 2739 1509 2786 9091111
1541 2740 1587 2777 (16
1620 2744 1750 2792 ventre

983 2790 1046 2823 tuo
1066 2785 1294 2833 dividentur,
1317 2791 1352 2823 et
1373 2787 1534 2834 populus
1563 2787 1750 2835 poputum

982 2833 1188 2881 superabit,
1209 2837 1246 2870 et
1260 2834 1381 2881 maj0r
1400 2835 1535 2871 serviet
1555 2835 1708 2874 minori.
1728 2849 1745 2870 n

982 2880 1135 2966 ”aforis
1155 2882 1311 2919 nomine
1342 2881 1434 2919 mali
1466 2883 1748 2933 intelliguntur,

1009 2938 1031 2966 u
1049 2940 1072 2967 a
1090 2939 1239 2977 semper
1257 2939 1387 2967 eorum
1409 2930 1528 2978 maj0r
1548 2939 1748 2971 numerus.

982 2938 1179 3025 {uomodo
1193 2987 1281 3027 ergo
1299 2977 1467 3017 serviunt
1494 2978 1631 3019 benis?
1649 2977 1748 3022 Nm
