1858 3146
214 187 294 227 486
637 197 686 227 LE
715 197 917 228 effletur,
945 199 1018 227 mzs
1049 188 1366 228 nemestrinus.

195 276 295 315 -tait
313 275 384 315 des
404 275 596 316 sandales
615 288 779 316 comme
798 289 904 328 pour
933 277 1073 315 mieux
1101 280 1290 316 montrer
1309 276 1417 332 celui
1436 275 1538 329 qu'il
1557 275 1780 328 designait,

191 377 193 379 .
217 351 287 379 ear
316 340 378 380 les
408 340 600 380 sandales
625 341 785 381 etaient
803 341 912 381 alors
944 343 970 380 6
996 340 1156 392 l'usage
1188 341 1259 381 des
1290 341 1479 381 Pontifes
1506 342 1705 381 romains.
1725 342 1783 381 Le

215 405 328 444 saint
357 404 543 454 homme,
563 418 639 458 par
663 407 706 446 16
725 410 844 446 vertu
865 406 916 446 de
937 406 1041 445 Dieu
1062 408 1103 445 et
1122 406 1173 445 de
1193 406 1234 445 16
1254 406 1389 446 sainte
1410 406 1662 455 61161556666,
1686 406 1785 458 l'ap-

216 469 363 521 pelant
399 471 424 509 6
455 470 530 519 161,
552 474 696 511 monte
717 483 787 510 sur
806 484 881 510 son
903 471 990 519 (165,
1015 474 1071 520 61,
1093 473 1213 522 porte
1244 484 1319 523 par
1351 471 1428 517 lui,
1449 471 1586 511 arrive
1604 474 1630 511 6
1655 473 1785 511 Rome

216 533 257 574 16
274 534 398 575 Jeudi
416 535 535 575 Saint
559 549 613 576 66
638 539 827 576 moment
847 538 902 575 οιί
922 536 1003 575 l'on
1024 536 1141 575 611611
1161 536 1345 576 celebrer
1369 535 1536 577 l’osfiee.
1557 539 1694 588 Ayant
1714 547 1784 575 or-

218 599 359 640 donne
389 613 444 639 an
475 601 628 640 demon
649 603 700 641 de
719 590 939 641 l'attendre
960 603 984 640 6
1005 602 1045 640 la
1065 604 1199 652 porte,
1223 601 1251 640 il
1272 601 1319 640 fit
1344 602 1559 642 connaitre
1588 615 1642 641 66
1675 602 1786 653 Pape

218 676 267 704 ee
285 665 358 717 qui
376 666 518 705 venait
538 666 588 706 de
608 678 651 705 se
671 678 827 717 passer,
850 670 892 705 et
912 669 1033 718 apres
1052 666 1113 705 lui
1133 666 1250 705 avoir
1270 669 1435 706 montre
1455 679 1531 719 par
1561 667 1600 706 le
1630 677 1786 717 moyen

218 728 292 770 des
311 730 503 770 sandales
522 731 735 770 l’inutilite
756 730 806 770 de
828 743 890 770 ses
909 731 1201 782 denegations,
1224 731 1254 770 il
1274 731 1456 771 l’amena
1484 734 1509 770 6
1539 743 1582 771 56
1601 732 1788 783 repentir

220 794 273 834 de
290 806 354 834 ses
368 795 518 834 fantes.
543 798 685 846 Ayant
704 795 867 835 ensuite
886 795 1050 835 celebre
1081 796 1123 835 16
1155 808 1285 835 messe
1306 798 1329 835 6
1359 808 1403 835 56
1435 796 1565 847 place,
1588 799 1630 836 et
1659 801 1789 847 ayant

218 859 307 911 pris
337 871 421 899 une
448 861 616 911 portion
638 860 694 899 (16
727 860 837 899 saint
869 860 1045 900 Chreme
1075 861 1175 913 qu'il
1195 862 1334 900 venait
1353 861 1403 901 (16
1423 873 1654 908 consecrer,
1675 860 1706 900 il
1724 860 1790 900 fut

220 926 371 964 661666
399 937 476 976 par
507 924 545 963 le
579 926 716 964 meme
744 925 894 965 demon
915 929 956 965 et
975 926 1112 965 arriva
1131 928 1156 965 6
1175 939 1251 966 5611
1270 927 1402 978 eglise
1420 926 1459 965 le
1480 926 1650 967 Samedi
1669 925 1791 967 Saint

221 990 247 1028 ὲ,
266 988 425 1028 1’]1661·6
453 991 506 1028 66
525 990 644 1029 611611
662 1002 704 1031 56
725 990 910 1029 celebrer
933 989 1098 1031 l'offiee.
1122 991 1242 1030 Ainsi
1261 991 1426 1043 parlent
1447 991 1667 1042 Sigisbert‚
1688 990 1791 1031 dans

220 1064 286 1093 ses
304 1053 556 1106 chroniques
577 1055 628 1095 de
648 1054 732 1094 l’an
752 1055 808 1094 du
829 1054 1038 1107 Seigneur
1056 1058 1151 1102 411,
1173 1059 1215 1096 et
1233 1057 1254 1096 J
1261 1068 1338 1095 666
1359 1056 1525 1106 nautia,
1546 1055 1718 1095 doeteur
1737 1066 1791 1095 en
1815 1057 1828 1067 ‘

221 1118 451 1171 theologie,
474 1119 578 1159 dans
604 1132 662 1159 un
693 1131 857 1159 sermon
878 1132 986 1171 pour
1006 1120 1044 1160 le
1060 1120 1179 1171 jeudi
1197 1122 1317 1172 apres
1337 1120 1376 1160 le
1395 1120 1606 1160 troisieme
1624 1120 1790 1160 diman-

222 1183 299 1223 che
319 1184 370 1223 de
389 1185 553 1224 eareme
573 1184 599 1223 ¹.
622 1184 727 1224 D’ou
747 1183 830 1224 l'on
851 1185 938 1224 voit
966 1197 1047 1236 que
1079 1185 1120 1223 la
1154 1185 1405 1224 translation
1424 1197 1501 1236 par
1521 1185 1559 1224 16
1579 1185 1716 1225 (1161116
1736 1185 1791 1224 (16

224 1248 362 1289 Christ
392 1248 491 1288 d’un
526 1249 610 1289 lieu
636 1250 742 1289 dans
760 1262 817 1289 un
839 1254 959 1290 autre
979 1250 1087 1290 n'est
1104 1262 1178 1302 pas
1197 1263 1256 1289 un
1276 1250 1354 1289 fait
1373 1261 1426 1289 66
1447 1249 1587 1289 (165565
1607 1250 1658 1290 (16
1678 1253 1794 1289 16616

223 1325 444 1365 eroyanee,
465 1313 545 1354 elle
565 1315 630 1354 fut
649 1314 829 1366 permise
849 1326 955 1366 pour
974 1326 1021 1353 sa
1039 1314 1274 1354 confusion.

278 1379 342 1419 En
356 1379 470 1430 effet,
487 1379 592 1418 (1665
611 1383 719 1419 66116
739 1379 917 1419 seconde
938 1379 1162 1428 166161166,
1179 1378 1217 1418 16
1232 1379 1383 1418 demon
1398 1379 1535 1431 parait
1553 1379 1669 1419 avoir
1689 1379 1795 1420 ainsi

224 1443 421 1484 16156666
441 1456 494 1484 66
511 1443 727 1485 lui-meme
745 1456 754 1484 :
778 1445 852 1485 S'il
871 1448 932 1484 est
952 1445 990 1484 le
1011 1444 1076 1483 fils
1095 1445 1146 1484 de
1165 1445 1285 1492 Uien,
1305 1444 1333 1483 il
1353 1456 1477 1484 saura
1497 1444 1571 1497 qui
1586 1445 1632 1496 je
1652 1445 1736 1484 suis
1753 1447 1796 1484 et

226 1509 258 1549 11
277 1521 330 1549 66
348 1522 391 1549 56
410 1509 580 1549 16155616
599 1522 672 1562 pas
691 1510 861 1550 enlever
887 1522 962 1561 par
983 1509 1087 1558 moi;
1112 1509 1250 1558 sinon,
1273 1509 1302 1548 11
1322 1521 1391 1549 1116
1411 1511 1592 1561 prendre
1611 1521 1718 1562 pour
1738 1521 1796 1549 un

226 1586 339 1625 ange
359 1574 410 1613 de
430 1574 533 1614 Dieu
554 1577 596 1614 et
615 1574 646 1614 il
663 1575 856 1626 ajoutera
874 1575 933 1614 foi
953 1577 977 1613 6
996 1586 1084 1618 mes
1104 1574 1285 1626 paroles.
1318 1575 1440 1613 Aussi
1470 1587 1524 1614 ne
1557 1573 1703 1614 veut-il
1722 1587 1796 1626 pas

226 1638 268 1678 16
288 1639 428 1691 placer
447 1651 503 1678 66
523 1639 664 1679 (165565
684 1639 734 1679 (16
755 1639 795 1678 16
815 1639 977 1679 maison
999 1639 1049 1679 de
1070 1638 1250 1691 quelque
1283 1639 1539 1691 partienlier,
1562 1639 1607 1678 ni
1626 1652 1681 1679 66
1701 1639 1794 1679 (165-

226 1715 298 1743 sus
316 1704 373 1743 du
392 1704 569 1744 61161666
589 1705 641 1745 (16
662 1704 843 1757 quelque
870 1705 1024 1757 prinee,
1048 1703 1151 1743 mais
1171 1704 1200 1743 il
1220 1704 1259 1743 le
1287 1704 1404 1756 place
1437 1717 1490 1743 au
1511 1704 1654 1743 dessus
1686 1704 1737 1744 de
1756 1704 1799 1744 16

227 1769 390 1809 maison
411 1769 462 1809 de
483 1770 602 1818 Dieu,
625 1770 708 1809 afin
729 1770 779 1810 de
798 1770 1025 1822 persuader
1045 1782 1090 1809 66
1111 1768 1213 1821 qu'il
1239 1781 1409 1817 avanee,
1431 1772 1490 1817 et,
1510 1780 1618 1821 pour
1637 1768 1800 1809 donner

228 1832 323 1886 plus
341 1834 390 1874 de
410 1834 529 1886 poids
550 1836 574 1873 6
588 1846 651 1874 565
670 1835 848 1887 9616165,
872 1834 901 1873 11
922 1834 1104 1886 emploie
1131 1834 1342 1873 l’autorite
1374 1833 1426 1873 (16
1458 1833 1500 1872 16
1534 1833 1670 1874 sainte
1690 1833 1800 1874 Eori-

275 1940 284 1962 ¹
305 1939 399 1972 Cette
419 1939 566 1972 histoire
586 1950 655 1982 qne
676 1940 860 1973 Marehant
879 1949 899 1972 a
920 1939 1102 1972 aceueillie
1123 1949 1208 1972 avec
1228 1941 1306 1972 1661
1325 1938 1369 1971 (16
1395 1939 1548 1979 naivete,
1569 1941 1621 1972 est
1640 1939 1800 1972 conside—

230 1987 291 2019 ree
311 1995 448 2019 comme
467 1987 670 2029 apocrypho
690 1997 756 2030 par
774 1987 827 2020 les
847 1987 1028 2029 critiqnes.
1050 1987 1150 2028 (Note
1170 1987 1217 2018 clu
1240 1986 1476 2028 Traducteur.)

233 2142 344 2186 lium)
377 2152 441 2187 por
474 2141 715 2188 septennium
737 2141 998 2187 impugnatum
1041 2152 1106 2177 nes
1126 2140 1304 2177 Raulines
1325 2140 1460 2177 Doctor
1479 2139 1693 2186 Tlieologus
1724 2150 1797 2177 ser.

231 2190 280 2226 ad
300 2188 590 2226 fornicationem
623 2199 662 2225 56
692 2188 917 2235 pertraxisse
937 2199 998 2224 as-

235 2236 394 2274 serebat.
434 2237 541 2273 Tunc
580 2236 634 2272 vir
671 2240 823 2272 sanctus
867 2236 912 2271 ad
961 2246 999 2271 56

236 2283 339 2321 hunc
359 2294 519 2320 evocans
540 2283 766 2330 AEthiopern‚
795 2283 831 2319 in
867 2283 1000 2319 virtute

238 2331 303 2369 Dei
324 2336 360 2369 et
379 2336 519 2367 sanctae
551 2331 789 2374 obedientize,
811 2330 891 2376 eJus
911 2331 997 2366 ‹ior-

238 2389 320 2415 sum
343 2378 563 2416 conscendit
586 2389 594 2415 :
616 2382 649 2415 et
671 2389 714 2414 eo
736 2381 903 2414 vectante
926 2378 999 2414 llo-

236 2437 340 2463 mam
374 2426 473 2463 venit
505 2426 598 2462 seria
629 2425 760 2472 quinta
789 2425 878 2461 liora
897 2426 998 2460 6616-

237 2473 372 2511 brandi
400 2473 528 2511 oflicii.
562 2477 730 2519 (iainque
763 2473 998 2519 praecepisset

235 2521 402 2558 daenioni
424 2532 500 2568 proe
517 2521 659 2558 foribus
673 2525 883 2567 expectare,
901 2520 997 2566 qnod

236 2572 386 2615 gestum
442 2573 520 2605 erat
568 2568 770 2606 insinuavit
812 2567 998 2609 l‘ontitiei,

237 2626 399 2664 eumque
420 2620 621 2662 negantum
637 2627 702 2663 per
721 2615 933 2651 sandalium
954 2614 998 2650 ad

237 2664 498 2712 poenitentium
534 2663 658 2701 mevit.
695 2662 755 2699 Sic
789 2663 899 2699 Missa
921 2662 1000 2699 viee

237 2711 319 2758 ejus
338 2723 360 2748 a
380 2723 418 2748 se
439 2711 640 2753 celebrata,
662 2715 697 2747 et
730 2715 834 2757 parto
871 2709 999 2746 Chris-

239 2758 349 2796 inuiis
367 2771 388 2795 a
409 2771 447 2794 se
468 2759 675 2797 consecrati
709 2762 914 2805 assumpta,
942 2767 999 2794 re-

239 2811 408 2843 vectante
463 2807 645 2854 AEtlivope
690 2806 733 2842 ad
796 2804 1000 2842 Ecclesiam

238 2864 344 2890 suam
368 2854 471 2891 rediit
494 2844 654 2891 Snbtnno
675 2857 806 2890 566616
828 2852 915 2889 liora
937 2863 1000 2891 ce·

225 2900 410 2939 lebrandi
449 2901 577 2939 oflicii.
619 2902 672 2938 ita
714 2899 920 2946 Sigibertus
962 2899 1001 2936 in

238 2948 426 2987 Chronico
457 2949 502 2986 ad
538 2959 684 2986 annum
725 2947 873 2985 Domini
934 2950 1001 2984 ua-

237 2994 539 3044 dringensimum
563 2995 820 3042 undecimum,
850 2997 888 3031 ct
934 3005 1001 3031 oa·

1041 2190 1105 2224 t'er.
1155 2188 1296 2234 quintae
1347 2192 1430 2234 post
1477 2187 1714 2224 Dominicam
1759 2198 1798 2223 ιιι

1038 2235 1344 2282 quadragesime.
1363 2236 1415 2271 Ex
1438 2234 1495 2271 1115
1517 2234 1630 2282 igitur
1644 2245 1720 2271 non
1737 2233 1799 2271 in-

1039 2283 1229 2320 credibilis
1251 2282 1290 2319 sit
1310 2282 1445 2318 Christi
1460 2293 1526 2329 per
1545 2282 1736 2319 diabolum
1753 2281 1800 2318 de

1041 2331 1122 2367 loco
1161 2331 1199 2367 in
1239 2330 1365 2367 locum
1405 2330 1612 2375 translatio,
1646 2329 1683 2366 in
1717 2329 1800 2377 ejus

1039 2378 1300 2415 contusionem
1318 2378 1512 2425 permissa.

1089 2427 1200 2462 Porro
1229 2426 1269 2462 in
1303 2425 1372 2462 hnc
1405 2425 1611 2462 tentatione
1635 2423 1801 2462 secunda

1039 2484 1091 2509 sic
1113 2484 1239 2511 secum
1264 2473 1407 2510 vitietur
1426 2473 1575 2509 daemon
1596 2482 1801 2517 argumen-

1040 2526 1135 2556 tatus
1175 2531 1183 2558 :
1225 2521 1291 2557 Hie
1330 2521 1359 2557 si
1401 2520 1502 2557 tilius
1524 2520 1677 2565 Belesi,
1710 2519 1802 2556 sciet

1040 2568 1123 2615 quis
1167 2569 1237 2605 siin
1261 2579 1344 2615 ego,
1367 2578 1488 2615 neque
1521 2567 1681 2615 patietur
1711 2577 1750 2604 se
1781 2578 1802 2603 a

1042 2627 1099 2651 ine
1131 2616 1232 2660 totli;
1255 2616 1313 2652 sin
1336 2626 1435 2660 veru,
1457 2613 1639 2662 Angelum
1661 2614 1722 2651 Dei
1742 2624 1803 2650 me

1041 2663 1197 2709 putabit,
1220 2663 1388 2710 mihique
1408 2663 1545 2699 credet.
1570 2662 1655 2699 ideo
1682 2662 1803 2699 noluit

1039 2721 1125 2747 euin
1164 2722 1275 2757 super
1315 2710 1494 2757 privatam
1531 2709 1696 2756 aliquam
1729 2709 1801 2747 do-

1041 2768 1159 2802 16661,
1185 2763 1249 2795 aut
1281 2768 1392 2805 super
1425 2757 1610 2804 Principis
1641 2756 1803 2805 alicujus

1039 2816 1164 2841 arcein
1184 2805 1424 2850 constituere,
1441 2804 1503 2842 sed
1522 2814 1632 2851 snper
1647 2805 1804 2842 deinum

1044 2853 1129 2897 liei;
1151 2853 1351 2899 scriptun-m
1372 2862 1457 2889 vero
1488 2852 1707 2890 auctoritate
1727 2852 1803 2890 uti-

1042 2904 1159 2945 tur,nt
1183 2899 1382 2936 contirmot
1402 2904 1433 2936 et
1484 2900 1678 2937 orsuadoat
1696 2909 1803 2937 suam

1042 2948 1350 2994 propositionem.
1392 2962 1405 2979 α
1442 2911 1559 2992 lilino,
1592 2946 1729 3002 inquit,
1769 2950 1805 2983 te
1854 2974 1855 2978 ,

1040 2995 1215 3033 deorsum
1239 3005 1248 3032 :
1272 2993 1422 3042 Angelis
1449 2994 1527 3032 suis
1556 2995 1747 3033 mandavit
1765 3003 1807 3041 ug
