1858 3146
164 117 192 157 8
581 125 631 156 m
659 125 862 156 umolm.
887 125 962 156 DES
989 116 1305 156 PREch'rssuns.

164 207 208 245 et
228 219 247 241 ι
265 204 310 256 je
328 203 551 257 repandi-ai
568 216 640 244 sur
656 206 776 245 votre
799 203 945 256 visage
975 203 1158 244 l'ordure
1187 203 1239 243 de
1268 212 1341 242 vos
1372 200 1615 244 solennites.
1636 217 1656 242 ι»
1677 202 1729 245 Ie

162 281 267 310 vous
285 269 391 309 ferai
409 269 719 322 experimenter
738 269 830 309 leur
848 272 1072 322 puanteur,
1089 280 1214 321 parce
1229 279 1312 331 que
1324 279 1428 307 vous
1446 279 1500 307 ne
1519 266 1606 320 m'y
1625 279 1728 309 avez

161 345 239 387 pus
256 333 379 374 offert
397 332 579 374 l’encens
596 334 854 374 odoriferant
887 333 939 372 de
969 333 1011 372 la
1041 332 1191 385 priere,
1226 326 1330 371 niais
1361 331 1487 384 qu’au
1516 332 1729 373 contraire

162 409 267 439 vous
283 410 314 450 y
332 410 431 439 avez
451 399 528 438 fait
550 398 723 439 exhaler
737 397 936 450 jusqu’au
956 397 1035 438 ciel
1060 397 1101 437 la
1119 397 1259 437 fumee
1290 397 1443 437 infecte
1475 395 1526 437 de
1555 409 1629 437 vos
1659 399 1730 451 pe-

163 462 278 504 ches.
947 495 949 497 .

217 529 260 569 3⁰
280 529 539 581 Remarquez
559 540 640 581 que
659 528 790 569 Μαι-18
808 530 851 568 et
869 528 890 568 J
896 527 1025 580 oseph
1044 527 1214 566 avaient
1233 538 1333 567 avec
1352 538 1436 566 eux
1452 526 1628 566 l'enfant
1656 527 1728 568 Je-

163 604 246 641 sus,
280 605 333 633 en
366 596 560 633 montant
590 605 644 633 au
679 592 849 645 temple,
885 591 970 631 afin
1007 591 1059 632 de
1097 591 1259 631 donner
1289 592 1315 631 ὲ
1344 594 1438 631 tous
1470 591 1529 631 les
1560 593 1730 644 parents

160 655 385 710 l'exemple
404 658 712 698 d'accoutumer
731 658 843 698 leurs
862 657 1032 696 enfants
1051 668 1262 709 parvenus
1295 658 1319 695 ὲ
1349 655 1459 708 l’ege
1491 656 1542 696 de
1573 656 1727 697 discre-

161 722 253 762 tion
272 735 356 763 aux
374 723 534 763 bonnes
553 735 724 773 meeum,
746 727 788 763 et
809 722 859 762 de
878 723 938 762 les
955 722 1166 772 hammer,
1187 725 1336 762 autaut
1356 734 1437 774 que
1457 722 1496 762 le
1514 726 1729 775 comporte

159 787 257 828 leur
274 788 370 840 Age,
392 803 412 826 ι)
437 800 520 835 car,
555 788 754 828 conduire
774 790 798 827 ὲ
817 787 986 839 l'Eglise
1018 787 1089 827 des
1120 787 1287 827 enfants
1318 787 1369 827 de
1402 787 1510 827 deux
1541 799 1596 827 ou
1627 787 1730 828 trois

162 864 255 899 ans,
276 853 364 905 qui,
388 865 461 905 par
478 854 590 892 leurs
609 865 786 902 courses,
819 853 930 892 leurs
955 852 1075 903 jeux,
1109 851 1220 892 leurs
1251 852 1392 904 pleurs
1411 855 1453 892 et
1473 852 1565 892 leur
1582 852 1730 893 immo-

163 916 310 966 destie,
333 930 385 957 ne
405 921 587 970 peuvent
606 929 686 970 que
706 918 915 969 deranger
947 917 1005 956 les
1035 917 1194 969 pretres
1224 916 1452 967 celebrant,
1481 916 1671 958 troubler
1688 917 1731 957 la

163 982 361 1022 devotion
381 983 453 1022 des
473 995 551 1022 uns
571 986 613 1021 et
642 983 713 1022 des
731 986 887 1031 autres,
921 993 967 1021 ce
998 981 1105 1021 n'est
1135 994 1209 1034 pas
1240 982 1279 1022 le
1311 982 1387 1022 fait
1418 981 1544 1022 d'une
1573 982 1727 1033 bonne,

161 1047 270 1087 mais
289 1046 385 1087 bien
405 1046 531 1087 d'une
551 1047 764 1087 mauvaise
783 1050 994 1096 coutume,
1011 1046 1117 1086 ainsi
1131 1058 1211 1098 que
1231 1058 1337 1086 nous
1356 1046 1728 1099 l‘experimentons

162 1111 326 1164 chaque
341 1112 453 1163 j0ur.
476 1111 596 1151 Voila
614 1112 726 1151 aussi
745 1111 971 1163 pourquoi,
999 1111 1104 1150 daus
1134 1111 1370 1163 l'antiquite
1399 1111 1727 1164 ecclesiastique‚

162 1179 292 1215 avant
310 1176 559 1227 l'Evangile,
593 1175 632 1215 le
663 1176 803 1215 diacre
835 1187 877 1215 se
909 1175 1096 1215 tournait
1126 1187 1219 1214 vers
1250 1175 1290 1215 le
1320 1176 1471 1227 peuple
1502 1179 1544 1216 et
1573 1176 1695 1216 criait
1716 1188 1727 1216 :

167 1254 189 1279 α
206 1240 345 1281 Faites
362 1240 540 1280 silence!
565 1254 584 1278 ι)
607 1240 693 1280 afin
714 1252 796 1292 que
815 1243 909 1280 tous
929 1240 987 1280 les
1007 1239 1220 1280 assistants
1250 1239 1547 1280 s’abstiennent
1566 1240 1618 1280 de
1636 1243 1731 1281 tout

162 1310 448 1353 mouvement,
471 1306 522 1346 de
542 1309 718 1353 tousser‚
753 1306 804 1345 de
837 1305 989 1358 garder
1007 1305 1119 1345 leurs
1138 1304 1320 1353 enfants‚
1344 1308 1386 1345 et
1403 1305 1519 1345 enfin
1539 1305 1590 1345 de
1610 1307 1730 1346 toute

163 1370 303 1410 action
325 1370 376 1410 de
397 1375 546 1410 nature
567 1372 592 1409 ὰ
610 1370 799 1410 troubler
818 1370 856 1410 le
876 1371 1015 1422 pretre
1044 1371 1070 1409 ἐι
1100 1369 1259 1409 l’autel.
1280 1370 1314 1410 Il
1342 1370 1447 1410 n'est
1477 1371 1598 1422 point
1629 1370 1732 1410 ecrit

163 1435 474 1475 effectivement
494 1446 574 1487 que
595 1434 632 1474 lc
652 1435 790 1475 Christ
810 1435 874 1474 fut
893 1437 1041 1474 amene
1061 1435 1209 1474 enfant
1227 1446 1282 1474 uu
1301 1435 1456 1487 temple
1489 1436 1514 1474 ὲ.
1544 1435 1657 1475 deux
1675 1446 1732 1475 ou

162 1500 266 1539 trois
284 1512 374 1548 ans,
397 1500 500 1539 mais
519 1500 751 1539 seulement
773 1502 798 1539 ὲ
817 1512 862 1539 sa
881 1500 1099 1540 douzieme
1118 1501 1270 1549 nanee,
1291 1512 1414 1552 parce
1435 1499 1732 1552 qu'ancienne-

162 1568 283 1604 ment
302 1564 332 1603 il
352 1564 498 1604 n'etait
511 1564 627 1616 point
641 1564 813 1617 d'usage
835 1564 1050 1605 d’amener
1070 1565 1222 1604 d'aussi
1242 1565 1367 1617 petits
1386 1565 1551 1605 enfants
1564 1577 1618 1605 au
1630 1568 1733 1606 tem·

161 1629 246 1681 ple.
268 1629 383 1678 Mais,
408 1630 548 1681 quand
570 1629 620 1669 ils
640 1633 930 1670 commencent
948 1632 973 1669 A
995 1629 1171 1682 grandir
1201 1632 1242 1670 et
1269 1629 1396 1682 qu’on
1415 1633 1517 1682 peut
1535 1630 1629 1670 leur
1655 1642 1730 1683 ap-

161 1694 343 1747 preudre
363 1696 385 1732 a
406 1694 571 1734 assister
591 1694 894 1734 modestement
912 1707 997 1734 aux
1017 1695 1159 1735 offices
1178 1694 1326 1744 divim,
1345 1696 1370 1734 ὲ.
1388 1695 1604 1735 coneevoir
1618 1695 1734 1749 quel·

162 1770 244 1811 que
260 1764 418 1811 respect
431 1770 537 1810 pour
550 1759 608 1798 les
622 1759 764 1799 choses
778 1760 947 1808 saintes,
964 1759 1074 1799 alors
1088 1759 1186 1799 c’est
1199 1771 1283 1799 une
1301 1760 1444 1813 pieuse
1458 1763 1656 1801 coutume
1676 1761 1729 1802 de

163 1929 234 1966 tris
247 1930 531 1976 conspurcatis3
554 1931 636 1967 ideo
657 1931 758 1967 odIvi
783 1937 818 1968 et
840 1942 928 1978 pro-

163 1976 239 2024 jeci
258 1987 321 2013 eus
351 1989 373 2013 u
407 1989 480 2021 me,
501 1983 535 2014 et
572 1979 783 2025 dispergam
817 1989 929 2025 super

166 2024 316 2061 vultum
337 2030 500 2061 vestrum
533 2030 676 2063 stercus
708 2027 928 2063 solemnita-

968 1942 1049 1968 esse
1069 1935 1239 1977 possunt,
1257 1934 1292 1967 et
1312 1934 1490 1977 matrum,
1505 1940 1549 1967 ac
1568 1930 1732 1967 aliorum

967 1979 1204 2015 devotionem
1224 1977 1457 2024 perturbare,
1472 1988 1551 2014 non
1571 1982 1626 2014 est
1639 1978 1730 2025 piae,

968 2027 1032 2062 sed
1054 2037 1175 2072 pravae
1208 2025 1509 2070 consuetudinis,
1532 2030 1570 2061 ut
1604 2025 1731 2072 quoti-

167 2076 248 2108 tum
284 2077 504 2115 vestrm-um,
525 2084 568 2109 uc
600 2084 728 2110 earum
761 2076 929 2110 t'oetorcm

167 2118 304 2156 {nciam
328 2130 391 2156 vos
411 2121 587 2166 experiri,
609 2121 695 2168 quin
716 2122 756 2157 in
777 2122 831 2158 eis
853 2132 930 2158 non

168 2166 263 2204 mibi
287 2167 373 2203 thus
392 2168 621 2205 odoriferum
642 2170 822 2205 orationis
843 2170 931 2205 udo-

170 2212 326 2257 levistis,
348 2216 411 2252 seu
447 2217 723 2258 graveoleutem
764 2221 932 2263 peccato-

171 2270 255 2297 rum
294 2266 501 2299 vestrorum
542 2264 670 2300 saecem
710 2265 747 2300 ln
791 2264 930 2300 coelum

171 2318 195 2344 u
245 2318 291 2345 ue
309 2308 485 2346 exhalare
513 2311 664 2347 fecistis.

250 2356 358 2400 ertio,
396 2357 545 2394 adverto
583 2358 680 2405 quod
719 2359 804 2394 Jose
835 2358 855 2395 h
896 2363 932 2395 et

170 2402 286 2440 uaria
306 2413 433 2441 secum
453 2405 597 2443 ducunt
618 2415 775 2452 puerum
825 2415 930 2442 esum

169 2451 416 2488 ascendentes
436 2452 474 2489 in
509 2453 707 2501 templum,
729 2459 768 2490 ut
799 2464 930 2489 exeni-

168 2497 275 2581 sslum
313 2499 516 2536 exhibeant
555 2501 774 2547 parentibus
803 2502 931 2538 omui-

199 2554 256 2598 ιιιι,
278 2556 413 2592 pueros
429 2547 505 2592 jam
525 2548 571 2584 ud
593 2559 715 2585 nunus
734 2549 930 2585 discretio-

172 2601 232 2630 ιιιιι
261 2640 264 2645 ¹
295 2596 524 2638 ‹erlingentes
553 2596 826 2633 assuerat-tundi
873 2597 931 2632 ›iis

170 2649 266 2677 mor·
285 2651 354 2685 ms,
376 2648 407 2676 (τι
432 2642 470 2679 in
492 2648 673 2689 quantum
701 2653 830 2680 eorum
876 2648 930 2680 ert

169 2692 272 2730 ωιιιιι,
302 2690 588 2741 ‘assuerat-innui
628 2690 739 2728 rebus
775 2691 927 2728 divinis

171 2734 277 2778 nico,
300 2744 338 2773 ιιι
376 2743 557 2782 quantum
598 2738 666 2775 sert
702 2743 820 2782 ωιιιες
843 2748 929 2775 num

169 2791 309 2866 pueros
340 2783 499 2820 duorum
523 2786 576 2822 vel
600 2785 712 2823 trium
743 2796 929 2823 annorum

187 2839 210 2865 u
234 2829 438 2867 Ecclesiam
459 2832 617 2877 «lusurus,
639 2833 702 2880 qui
721 2843 846 2878 cursu,
871 2833 930 2870 Ιιιν

170 2886 231 2919 ιιι.
271 2877 431 2924 ploratu,
476 2879 726 2926 immodestia,
777 2881 931 2919 nonnisi

169 2924 427 2962 „mardonium
469 2927 747 2966 celebrantibus
784 2928 931 2967 molesti

968 2074 1028 2110 die
1053 2074 1281 2120 experimur.
1304 2075 1347 2108 Et
1386 2076 1581 2119 propterea
1618 2073 1733 2110 etiam

968 2121 1175 2167 antiquitus
1207 2125 1295 2156 ante
1328 2120 1572 2165 Evangelium
1600 2120 1732 2158 diaco-

970 2179 1042 2204 nus
1074 2167 1273 2213 clamabat,
1296 2177 1499 2204 conversus
1526 2168 1573 2204 ud
1605 2177 1731 2214 popu-

972 2216 1049 2252 lum
1076 2226 1083 2251 :
1110 2231 1123 2247 u
1150 2215 1288 2251 llubete
1318 2214 1528 2256 silentium,
1553 2230 1567 2249 ι
1606 2219 1646 2251 ut
1683 2214 1731 2252 ab

969 2263 1073 2299 omni
1113 2261 1387 2309 inquietudine,
1410 2262 1465 2298 vel
1496 2261 1544 2299 ol)
1583 2262 1732 2309 tussim,

970 2311 1024 2347 vel
1047 2310 1095 2346 ob
1128 2320 1275 2357 pueros,
1291 2320 1372 2346 sese
1405 2309 1660 2354 observarent,
1682 2320 1731 2348 ne

972 2357 1137 2405 qualibet
1157 2357 1299 2394 rationo
1327 2357 1543 2394 sacrificans
1569 2357 1733 2404 impedi-

971 2410 1084 2442 retur.
1107 2407 1338 2451 Quapropter
1359 2415 1435 2441 non
1457 2404 1590 2451 legitur
1619 2405 1733 2442 etium

971 2453 1139 2489 Christus
1157 2464 1178 2489 a
1199 2451 1416 2498 parentibus
1438 2462 1529 2498 puer
1548 2452 1733 2490 adductus

969 2500 1016 2537 ad
1056 2501 1253 2547 templum.
1288 2500 1359 2536 nisi
1397 2509 1485 2536 cum
1518 2500 1598 2546 jum
1635 2504 1734 2538 esset

970 2548 1168 2584 duodecim
1189 2557 1392 2591 annorum,
1416 2558 1494 2584 non
1530 2558 1615 2585 vero
1643 2557 1734 2585 cum

970 2600 1066 2632 osset
1098 2596 1258 2631 duorum
1290 2595 1344 2630 vel
1378 2594 1492 2631 trium
1512 2605 1730 2640 annorum3

970 2643 1055 2690 quin
1078 2653 1147 2679 nee
1178 2643 1293 2679 moris
1324 2646 1402 2679 erat
1422 2652 1558 2688 pueros
1588 2642 1734 2679 similes

969 2690 1103 2727 adduci
1142 2690 1348 2736 antiquitus
1382 2694 1548 2736 tempore
1580 2689 1733 2727 divino-

970 2748 1066 2775 rum.
1089 2739 1181 2774 Cum
1204 2747 1289 2774 vero
1317 2737 1395 2783 juiu
1429 2737 1616 2784 incipiunt
1647 2736 1733 2774 ado·

971 2786 1124 2830 lesem-e,
1145 2794 1306 2831 cumque
1338 2784 1472 2821 instrui
1500 2788 1671 2832 possunt,
1693 2789 1733 2822 ut.

969 2843 1056 2869 cuni
1079 2832 1260 2869 modestia
1281 2831 1428 2868 valeant
1454 2832 1642 2876 assistere,
1670 2842 1734 2869 ra-

971 2881 1187 2927 tionemque
1205 2879 1371 2926 aliquam
1404 2879 1621 2916 reverentiae
1645 2889 1735 2927 erga

969 2927 1097 2966 diviua
1116 2927 1317 2974 concipere
1335 2943 1343 2971 ;
1365 2931 1444 2964 tum
1465 2926 1537 2974 pioe
1557 2932 1612 2964 est
1637 2937 1736 2965 eon-
