1858 3146
1658 120 1709 161 13

140 208 417 263 pelerinages.
440 209 519 250 Car
536 205 756 261 plusieurs,
778 204 906 258 qu'on
927 204 1032 244 croit
1050 206 1217 243 mouter
1237 215 1322 242 aux
1341 203 1471 244 saints
1490 204 1608 246 lieux
1640 217 1709 247 se-

141 275 211 315 lon
230 274 272 314 la
290 279 485 314 coutume
505 272 604 312 d'un
619 271 718 323 jour
734 270 786 310 de
804 270 905 318 sete,
927 268 1176 309 descendent
1190 267 1295 306 dans
1309 268 1524 320 Babylone
1543 274 1586 310 et
1604 270 1711 311 dans

139 338 286 380 l’enfer
316 341 342 379 6
371 337 590 378 1’06665106
610 335 709 376 (1’66
727 335 824 387 jour
843 338 887 395 et
905 333 1005 373 d’un
1024 333 1110 373 lieu
1131 333 1182 373 de
1205 333 1304 380 sete,
1326 333 1377 372 ils
1395 345 1423 384 y
1441 335 1619 386 perdent
1642 336 1709 378 Je-

140 416 211 445 sus
229 409 271 445 et
291 405 329 444 16
348 403 472 444 salut.

193 469 311 518 Mais,
333 465 541 521 pourquoi
572 466 693 506 Jesus
724 463 921 504 voulut-il
958 463 1179 503 demeurer
1211 464 1234 501 6
1264 463 1513 512 Jerusalem,
1535 469 1578 503 et
1602 466 1707 514 6816,

139 534 242 575 dans
261 547 306 574 sa
325 532 542 573 douzieme
565 531 700 570 66688
719 529 771 569 (18
791 540 865 568 506
884 527 992 580 age?

193 602 247 640 Ce
267 599 332 639 fut
350 596 522 637 d'abord
542 607 666 647 parce
685 606 768 646 que
787 594 826 633 le
848 598 982 645 temps
1002 593 1104 632 etait
1133 604 1240 632 venu
1272 595 1327 631 06
1357 592 1387 631 11
1418 594 1637 634 convenait
1657 595 1710 635 de

137 663 381 706 manifester
400 674 445 701 sa
465 672 645 712 5638558,
669 662 711 700 81
729 670 852 711 parce
885 658 987 710 qu'il
1015 658 1119 698 etait
1151 657 1302 697 devere
1322 658 1372 698 de
1393 658 1479 698 zele
1508 670 1617 711 pour
1648 660 1710 700 les

136 727 309 769 interets
329 727 380 767 de
400 726 623 765 l’honneur
642 723 694 764 de
713 735 789 763 son
810 724 930 762 Pere.
955 739 975 759 «
997 722 1114 762 celui
1134 722 1208 774 qui
1226 722 1309 762 m’a
1328 726 1490 775 envoye
1515 727 1578 763 est
1608 735 1709 765 avec

136 793 238 843 moi,
260 793 368 832 dit-il
389 791 620 837 lui-meme,
644 792 686 829 et
706 788 736 828 il
755 800 809 828 ne
829 788 911 828 m’a
932 800 1006 840 pas
1025 787 1147 827 laisse
1166 787 1272 836 seul,
1294 800 1416 840 parce
1443 800 1525 840 que
1551 789 1595 840 je
1627 789 1708 829 fais

135 858 325 911 toujours
345 868 390 897 68
409 856 481 909 qui
501 855 560 895 lui
582 854 699 906 plait.
723 868 742 892 »
767 855 822 893 Le
842 853 993 902 Christ,
1016 852 1134 892 soleil
1155 852 1284 901 divin,
1317 853 1480 893 cachait
1501 866 1544 892 sa
1564 854 1707 906 splen-

136 923 240 964 deur
259 926 302 963 et
321 934 365 962 sa
385 921 561 961 lumiere
585 931 679 959 sous
698 919 739 958 la
758 920 864 958 nuee
884 918 935 958 de
956 921 1075 957 notre
1095 922 1243 957 nature
1258 918 1450 958 morielle
1465 922 1506 958 et
1520 918 1706 970 infirme,

135 992 178 1029 et
196 989 266 1029 des
286 988 369 1028 lors
388 999 442 1026 06
463 998 516 1026 66
535 983 798 1036 remarquait
822 994 875 1023 86
898 983 974 1031 161,
996 982 1149 1022 durant
1168 995 1213 1022 sa
1233 983 1380 1023 tendre
1399 983 1589 1032 enfanee,
1613 984 1707 1024 rien

136 1066 217 1108 que
236 1053 451 1094 d’humaiu
470 1055 513 1092 et
532 1051 582 1091 de
603 1048 859 1090 convenable
881 1050 906 1088 a
925 1048 1148 1088 l’enfance.
1173 1048 1290 1096 61615,
1326 1061 1427 1088 avec
1460 1049 1498 1088 le
1531 1051 1727 1102 progres-

135 1120 186 1161 de
205 1119 330 1171 l'age,
353 1118 520 1170 lorsque
541 1115 702 1167 l’usage
721 1115 772 1154 de
791 1114 831 1154 la
850 1114 993 1154 raison
1012 1125 1255 1153 commence
1288 1115 1313 1152 6
1342 1113 1486 1153 briller
1517 1113 1616 1154 chez
1647 1114 1707 1154 les

134 1189 275 1226 autres
293 1184 476 1231 enfants,
498 1181 528 1221 il
548 1180 697 1220 voulut
715 1179 960 1220 manifester
987 1191 1094 1231 pour
1114 1178 1152 1218 18
1173 1178 1282 1218 56161
1302 1179 1373 1218 des
1393 1179 1585 1219 hommes
1603 1182 1646 1219 et
1665 1179 1708 1220 la.

137 1250 270 1302 gleire
291 1249 342 1289 de
361 1261 437 1288 5011
456 1249 559 1287 Pere
579 1246 762 1298 quelque
793 1245 930 1284 indice
962 1244 1013 1284 (18
1041 1256 1085 1283 sa
1119 1246 1242 1295 grace
1262 1248 1304 1284 et
1323 1245 1374 1284 de
1395 1257 1441 1284 sa
1459 1256 1642 1297 sagesse,
1663 1247 1708 1286 et

134 1319 324 1356 monti-er
342 1326 396 1353 au
416 1312 565 1352 dehoss
584 1310 767 1363 quelque
790 1321 922 1361 rayon
942 1309 992 1348 de
1014 1309 1054 1348 16
1075 1308 1251 1348 16161618
1266 1308 1406 1348 divine
1427 1310 1500 1360 qui
1520 1310 1623 1348 etait
1640 1321 1708 1349 ca.-

134 1380 235 1420 chee
260 1391 313 1419 66
333 1378 491 1418 dedans
509 1376 560 1416 de
581 1376 656 1415 lui.
678 1378 734 1415 Le
754 1374 887 1422 soleil,
910 1373 983 1425 qui
1013 1374 1226 1412 renferme
1259 1372 1450 1424 toujours
1469 1385 1521 1412 en
1542 1373 1603 1413 lui
1621 1385 1706 1414 une

132 1444 310 1485 lumiere
340 1442 477 1494 63618,
499 1442 571 1493 qui
591 1452 644 1480 en
663 1440 724 1479 soi
759 1452 810 1479 ne
843 1440 949 1478 croit
975 1438 1147 1489 jamais.
1171 1450 1222 1477 va
1250 1438 1488 1490 cependant
1508 1450 1560 1478 en
1581 1438 1707 1478 crois-

133 1511 228 1549 sant
247 1508 395 1561 depuis
414 1508 452 1547 le
473 1506 605 1546 matin
621 1504 789 1557 jusqu'a
810 1503 935 1552 midi;
959 1503 1081 1551 ainsi,
1104 1503 1142 1543 le
1162 1503 1316 1551 Christ,
1340 1503 1533 1556 toujours
1550 1504 1705 1557 rempli

132 1574 184 1615 de
206 1574 329 1626 grace
349 1577 391 1613 et
411 1572 462 1613 de
481 1583 661 1624 sagesse‚
695 1573 867 1610 executa
887 1581 969 1621 peu
989 1571 1013 1608 a
1031 1581 1113 1621 peu
1134 1568 1206 1608 des
1225 1580 1390 1608 oeuvres
1408 1568 1502 1621 plus
1523 1569 1707 1621 grandes

132 1639 183 1679 de
205 1640 327 1691 grace
346 1642 389 1678 et
408 1637 458 1677 de
477 1648 658 1689 sagesse.
683 1636 714 1676 11
734 1636 880 1675 voulut
899 1634 958 1674 les
978 1636 1175 1674 executor
1205 1634 1502 1686 specialement
1533 1634 1638 1674 dans
1664 1634 1705 1675 le

131 1704 302 1757 temple,
323 1714 484 1743 comme
501 1714 607 1755 pour
626 1701 836 1741 sanctifier
854 1700 893 1740 le
913 1699 1068 1752 temple
1100 1702 1142 1738 et
1173 1699 1356 1739 honorer
1388 1700 1429 1739 16
1460 1700 1622 1739 1661506
1652 1699 1706 1741 de

131 1781 206 1810 son
228 1770 330 1809 Pere
348 1781 425 1822 par
443 1780 490 1808 sa
507 1769 718 1820 presence,
741 1779 787 1806 sa
806 1777 986 1818 sagesse,
1008 1777 1053 1804 sa
1073 1766 1211 1816 31668.
1235 1764 1342 1805 C'est
1361 1765 1498 1804 meme
1524 1767 1550 1804 6
1580 1775 1714 1809 causo

131 1834 183 1875 de
201 1834 291 1874 6816,
310 1834 413 1887 qu'il
431 1837 493 1873 est
510 1833 613 1873 ecrit
633 1832 736 1872 (1665
754 1831 793 1871 16
813 1830 1039 1883 Prophete,
1062 1842 1143 1883 que
1170 1830 1211 1870 la
1233 1829 1367 1882 gleire
1389 1830 1441 1870 de
1455 1830 1495 1870 la
1506 1829 1705 1872 nouvelle

488 128 667 160 rmum
694 125 909 158 DfflRCEss
937 116 1064 156 APnEs
1091 114 1363 156 L’ssml’namss.

980 1986 1152 2021 Attamen
1174 1995 1262 2021 cum
1295 1985 1415 2021 aetatis
1447 1985 1699 2031 incremento,

129 1992 309 2036 putantur
336 1988 540 2025 ascendere
570 1987 617 2024 ad
651 1987 732 2024 loca
763 1991 892 2022 sancta

931 2033 1082 2078 quando
1099 2033 1178 2076 jam
1200 2033 1239 2068 in
1271 2032 1356 2068 aliis
1387 2034 1514 2079 pueris
1543 2033 1702 2070 rationis

131 2036 340 2073 secundum
359 2035 675 2072 consuetudinem
694 2034 770 2071 diei
790 2034 891 2078 sesti,

130 2083 365 2121 descendunt
384 2083 424 2119 in
446 2082 674 2137 Babylonem
706 2087 741 2118 61
774 2082 891 2118 infer-

129 2141 223 2168 num
243 2130 440 2168 occasione
459 2131 534 2167 diei
554 2135 590 2166 et
610 2130 683 2167 loci
703 2130 840 2174 festivi,
857 2134 892 2166 81

126 2179 258 2216 Jesum
277 2178 331 2215 ibi
349 2178 526 2225 perdunt,
543 2182 579 2214 et
599 2178 770 2214 salutem.

176 2226 246 2263 Sed
266 2236 333 2263 cur
352 2226 470 2262 voluit
496 2226 604 2262 lesus
635 2235 831 2262 remanere
850 2224 890 2261 in

126 2273 350 2318 Jerusalem,
371 2278 408 2310 81
444 2273 482 2310 id
514 2274 667 2320 quidem
699 2273 738 2309 in
771 2272 891 2309 oetatis

128 2331 208 2358 suae
236 2331 338 2359 anno
369 2321 625 2358 duodecimo?
644 2321 769 2358 Ρ11160
802 2320 890 2367 qui-

126 2368 230 2414 dem,
250 2370 337 2416 quia
366 2369 446 2415 jam
477 2373 625 2415 tempus
653 2369 795 2413 aderat,
816 2378 890 2415 quo

128 2416 352 2463 sapientiam
372 2427 478 2453 suam
499 2416 738 2453 manifestare
758 2426 890 2453 conve-

126 2463 271 2508 niebat,
312 2464 508 2510 zelumque
556 2463 713 2500 babebat
752 2464 791 2500 in
833 2463 890 2500 615

127 2521 212 2558 quae
231 2511 350 2549 Patris
382 2511 566 2548 honorem
592 2511 886 2549 concernebant.

131 2570 148 2591 ι
169 2559 239 2604 Qui
260 2560 363 2596 misit
383 2569 444 2596 168
463 2569 613 2596 1686661
632 2563 701 2605 851,
726 2575 740 2594 1
767 2559 888 2606 inquit

125 2605 225 2654 ipse,
251 2619 267 2639 «
289 2611 325 2644 81
344 2617 423 2644 606
460 2606 611 2653 reliquit
649 2617 709 2644 me
748 2606 887 2653 solum,

126 2653 215 2700 quia
233 2664 316 2701 quae
335 2654 474 2701 placita
493 2658 580 2691 5661
599 2654 648 2698 81,
668 2654 765 2692 facio
786 2664 887 2691 sem-

125 2711 205 2749 per.
229 2716 244 2736 »
269 2701 436 2739 Christus
455 2701 518 2739 Sol
543 2702 695 2739 divinus
715 2702 887 2749 splendo-

125 2757 207 2786 rem
226 2759 337 2786 suum
357 2754 392 2786 et
411 2750 536 2786 166616
556 2749 626 2786 566
647 2749 888 2787 mortalitatis

127 2798 163 2833 et
179 2796 412 2834 infirmitatis
430 2801 570 2834 nostrae
590 2797 694 2834 nube
716 2797 887 2834 0666116-

126 2840 203 2888 bat,
222 2844 275 2882 ita
293 2844 392 2882 nihil
412 2845 451 2881 in
472 2845 554 2892 ipso
574 2844 616 2882 in
636 2849 766 2882 tenera
780 2848 888 2882 aetate

127 2889 203 2928 nisi
221 2891 432 2930 humanum
445 2897 481 2930 61
493 2892 664 2941 pueritiae
676 2902 887 2941 congruum

128 2936 392 2979 adverteretur.

933 2090 1021 2116 usus
1060 2080 1155 2117 solet
1194 2080 1430 2124 illucescere,
1468 2091 1536 2127 pro
1578 2081 1700 2118 salute

933 2128 1132 2164 hominum
1155 2133 1189 2164 61
1209 2128 1327 2175 310116
1349 2128 1467 2164 Patris
1487 2128 1545 2164 sui
1581 2128 1701 2165 voluit

929 2176 1085 2222 aliquod
1108 2175 1293 2212 indicium
1307 2176 1438 2222 gratiae
1453 2180 1483 2213 et
1503 2175 1699 2222 sapientias

930 2234 1007 2260 suae
1027 2228 1211 2268 exterere,
1233 2228 1268 2259 et
1289 2224 1436 2260 radium
1457 2223 1623 2270 aliquem
1643 2224 1698 2260 di-

931 2271 1027 2307 vinae
1050 2271 1146 2307 16615
1167 2271 1206 2307 16
1227 2282 1266 2308 58
1288 2271 1439 2308 16186115
1467 2271 1591 2318 661616
1612 2281 1696 2307 1116-

930 2319 1119 2355 nifestare.
1143 2319 1240 2357 Nam
1266 2319 1362 2356 51661
1381 2318 1459 2363 Sol,
1481 2319 1567 2355 11681
1593 2329 1698 2356 sem-

929 2377 994 2413 per
1014 2367 1199 2414 aequalem
1220 2367 1344 2404 lucem
1365 2366 1406 2404 16
1436 2376 1475 2403 58
1504 2366 1698 2403 6061111861

928 2425 999 2451 666
1037 2414 1103 2451 1116
1134 2415 1174 2451 16
1205 2425 1245 2450 58
1276 2418 1435 2458 crescat,
1451 2419 1577 2450 tamen
1606 2423 1698 2460 pau-

930 2462 1035 2498 latim
1055 2474 1077 2499 a
1099 2462 1283 2498 matutino
1302 2466 1471 2509 tempore
1491 2461 1697 2498 crescendo

928 2510 1027 2546 vadit
1065 2510 1105 2546 16
1144 2510 1363 2553 meridiem;
1416 2509 1470 2545 sic
1525 2508 1695 2546 Christus

928 2558 1064 2604 plenus
1097 2567 1245 2604 semper
1283 2556 1401 2604 gratia
1433 2560 1468 2592 81
1506 2556 1692 2603 sapientia

928 2605 1109 2652 paulatim
1130 2609 1278 2641 exercet
1297 2614 1410 2650 opera
1439 2603 1582 2650 majora
1600 2614 1690 2650 gra-

929 2653 989 2689 tiae
1009 2658 1045 2690 81
1067 2653 1275 2700 sapientiae.

975 2701 1020 2737 Et
1042 2700 1121 2737 haec
1142 2699 1354 2747 specialiter
1375 2697 1553 2735 exhihere
1572 2698 1691 2735 voluit

928 2748 967 2784 16
989 2748 1144 2795 templo,
1166 2753 1358 2792 tamquam
1377 2746 1563 2793 templum
1583 2756 1690 2783 sauc-

929 2796 1077 2833 tilicans
1109 2800 1145 2832 81
1177 2795 1333 2830 domum
1365 2793 1463 2830 Patri
1483 2793 1542 2830 sui
1568 2793 1692 2831 hono-

929 2854 1016 2880 rans
1048 2854 1115 2879 sua
1145 2842 1359 2888 praesentia,
1379 2841 1576 2888 sapientia,
1647 2851 1692 2877 a-

928 2891 994 2935 lia,
1021 2895 1063 2927 ut
1094 2892 1292 2936 propterea
1327 2888 1441 2926 etiam
1479 2888 1604 2935 specia
1622 2888 1692 2926 'ter

927 2939 1072 2977 dictum
1091 2936 1204 2975 suerit
1221 2947 1244 2974 6
1263 2936 1462 2985 Propheta,
1476 2936 1576 2984 quod
1594 2935 1691 2975 foret
