1858 3146
177 184 256 224 644

179 271 330 320 colere,
352 270 600 323 d'impurete
615 274 657 310 et
676 270 727 310 de
750 269 1063 322 gourmandise,
1086 273 1336 322 supportant
1360 270 1634 322 patiemment
1652 277 1749 313 tous

177 349 245 378 065
264 337 386 385 dires,
410 337 440 375 il
461 336 638 388 ajoutait
658 335 760 387 qu’il
780 335 882 375 61611
901 335 939 374 16
959 334 1050 387 pire
1065 334 1115 374 de
1130 338 1225 374 tous
1244 335 1304 374 les
1323 335 1512 375 mortels.
1528 338 1670 387 Ayent
1685 335 1748 376 dit

179 402 343 443 ensuite
366 415 374 441 :
396 402 549 440 «Nous
576 412 707 440 avons
738 401 875 440 meme
908 400 1092 439 entendu
1122 399 1211 439 dire
1244 411 1325 452 que
1343 412 1447 439 vous
1477 401 1564 440 etes
1588 401 1746 441 hereti-

179 479 276 520 que.
299 483 318 503 »
343 468 556 518 Rompant
575 466 749 505 aussitet
767 466 806 505 le
826 466 997 514 silence,
1020 464 1050 503 il
1069 464 1215 504 s’ecria
1237 477 1246 503 :
1273 479 1292 501 «
1314 465 1417 504 Loin
1439 465 1490 505 de
1514 466 1599 505 moi
1619 466 1749 506 d’etre

174 531 329 586 jamnis
347 531 583 583 heretique.
604 544 623 568 ›)
649 531 817 571 Ceux-ci
838 531 898 569 lui
918 533 1049 581 ayant
1079 529 1287 568 demande
1309 532 1517 582 pourquoi
1539 531 1570 570 il
1593 531 1750 572 reniait

178 596 387 644 l’heresie‚
417 595 616 648 puisqu'il
647 595 867 635 admettait
898 595 956 634 les
987 599 1128 634 autres
1158 594 1308 634 crimes
1328 595 1455 647 qu’on
1488 597 1621 636 savait
1650 597 1749 637 bien

181 662 284 716 qu'il
302 661 459 701 n'avait
478 674 551 713 pes
570 661 759 706 commis,
783 660 810 698 il
830 661 922 699 leur
939 660 1135 712 repondit
1158 672 1167 698 ε
1189 674 1208 695 ι(
1230 661 1306 699 Les
1326 662 1467 700 autres
1487 661 1637 712 peehes
1655 665 1751 702 sont

181 727 232 768 de
251 727 445 767 faiblesse
465 729 507 766 et
526 726 697 765 laissent
715 736 866 764 encore
885 724 1082 764 l’homme
1103 724 1177 763 uni
1197 727 1220 763 ἐι
1240 724 1344 765 Dieu
1364 737 1440 776 par
1459 725 1500 765 16
1519 726 1591 776 foi,
1611 726 1752 767 tandis

182 805 265 845 que
294 791 485 831 l'heresie
513 795 575 831 est
605 802 689 829 une
721 801 896 841 marque
917 789 967 828 de
988 790 1136 829 6161106
1156 794 1197 829 61
1217 789 1509 841 (1’011161611“616
1541 791 1614 843 (161
1645 803 1753 832 6065

181 859 328 910 separe
361 860 450 896 tout
470 859 495 895 6
516 856 593 895 fait
614 855 664 894 de
685 855 804 902 Dieu‚
828 867 879 894 en
901 867 1007 894 nous
1038 854 1235 894 enlevant
1254 854 1295 894 16
1315 855 1386 903 foi,
1409 855 1448 894 le
1468 856 1651 907 premier
1667 856 1752 897 lien

183 922 258 975 qui
278 934 383 962 nous
402 921 457 961 lie
477 924 521 960 61
540 933 645 960 6065
667 919 807 959 661556
827 921 852 958 a
871 920 993 959 Dieu.
1014 933 1033 956 n

239 986 345 1028 c’est
363 986 587 1039 pourquoi,
609 997 714 1025 ceux
734 985 807 1037 qui
827 985 1150 1036 appartiennent
1171 987 1196 1024 6
1215 985 1319 1025 Dieu
1350 990 1392 1025 et
1425 988 1450 1025 6
1468 987 1490 1026 J
1496 988 1754 1027 esus-Christ

183 1053 382 1094 l'imitent
400 1064 477 1104 par
497 1052 537 1091 16
556 1050 830 1090 mansuetuda
852 1055 893 1089 et
912 1050 951 1089 la
971 1050 1161 1101 patience
1193 1062 1247 1089 66
1269 1050 1414 1090 milieu
1442 1051 1513 1090 des
1532 1052 1693 1104 injures
1712 1057 1755 1093 et

185 1118 257 1158 des
276 1117 574 1170 persecutions‚
597 1120 638 1155 et
657 1115 755 1155 c'est
774 1116 815 1154 le,
833 1115 875 1154 16
893 1127 1069 1167 marque
1089 1115 1139 1154 de
1159 1114 1251 1154 leur
1272 1115 1464 1155 electien.
1499 1117 1617 1157 Saint
1653 1118 1754 1158 Gre-

184 1183 303 1236 goire
323 1183 399 1232 dit,
421 1182 523 1222 dans
542 1193 616 1221 son
635 1180 817 1220 homelie
835 1191 939 1220 xv111
968 1192 1039 1219 sur
1068 1180 1303 1232 l'Evangile
1323 1180 1374 1220 de
1394 1192 1439 1220 66
1467 1181 1566 1233 jour
1589 1195 1598 1222 :
1627 1197 1646 1220 (ι
1667 1183 1755 1231 066

184 1260 394 1302 personne
414 1259 467 1287 ne
487 1246 615 1287 rende
635 1246 794 1297 injures
814 1258 921 1297 pour
939 1245 1112 1297 injures.
1137 1246 1216 1286 Car
1236 1245 1265 1284 il
1285 1248 1347 1285 est
1377 1245 1471 1298 plus
1493 1246 1684 1298 glorieux
1704 1248 1757 1288 de

186 1313 273 1354 fuir
291 1314 446 1353 devant
460 1312 627 1363 l’injure
648 1324 700 1351 en
723 1311 903 1362 gardent
922 1310 961 1350 16
981 1310 1133 1350 silence
1147 1311 1406 1363 pourimiter
1427 1312 1546 1360 Dieu,
1566 1325 1647 1365 que
1660 1313 1756 1353 d’en

187 1379 423 1431 triompher
443 1390 494 1418 en
515 1390 542 1429 y
562 1377 813 1430 repondant.
836 1391 856 1412 »

242 1443 611 1494 Notre-Seigneur,
635 1441 831 1481 continue
851 1441 890 1480 le
910 1442 1047 1480 meme
1067 1441 1179 1480 saint
1199 1442 1416 1493 Gregoire,
1439 1454 1490 1481 ne
1511 1441 1663 1484 s'irrite
1685 1456 1758 1495 pas

187 1521 240 1550 en
260 1511 456 1549 recevant
477 1508 534 1547 les
552 1507 727 1558 injures,
750 1506 780 1546 il
795 1518 848 1546 ne
869 1506 1028 1558 repond
1047 1518 1120 1558 pes
1141 1506 1212 1546 des
1243 1507 1407 1558 paroles
1427 1509 1755 1559 outrageante33

187 1574 252 1614 s’il
290 1575 381 1614 leur
418 1572 531 1612 avait
567 1572 757 1624 repondu
782 1583 791 1610 :
814 1572 921 1612 C'est
952 1572 1228 1611 vous-memes
1260 1571 1333 1623 qui
1364 1573 1450 1611 6165
1483 1573 1676 1623 possedes
1701 1573 1757 1613 du

187 1640 354 1688 demon,
378 1638 407 1677 il
427 1638 609 1677 n’aurait
628 1637 705 1676 fait
725 1648 806 1689 que
832 1636 921 1676 dire
946 1636 987 1675 16
1013 1636 1159 1684 verite,
1186 1648 1310 1687 parce
1337 1648 1418 1688 (166
1435 1637 1517 1676 5’115
1542 1637 1758 1678 n’avaient

186 1717 262 1759 pas
281 1706 347 1744 616
368 1703 538 1755 remplis
557 1703 613 1741 du
634 1702 803 1750 demon,
826 1701 875 1740 ils
895 1701 1129 1740 n’euraient
1159 1713 1229 1752 pas
1260 1713 1316 1752 pu
1348 1702 1487 1753 parler
1519 1701 1554 1740 si
1586 1703 1671 1741 mal
1706 1702 1759 1744 de

187 1770 308 1812 Dieu.
336 1784 355 1807 (1
376 1769 478 1809 Mais
498 1769 537 1807 16
556 1768 686 1807 verite
706 1779 758 1806 ne
780 1766 925 1806 voulut
944 1766 1077 1818 point,
1102 1778 1153 1805 en
1173 1770 1369 1805 reeevant
1389 1765 1447 1805 les
1468 1766 1644 1818 injures,
1667 1767 1759 1809 dire

187 1847 234 1876 66
255 1834 326 1887 qui
346 1833 449 1872 etait
467 1833 573 1880 vrai,
595 1832 646 1872 de
671 1844 775 1884 peur
794 1831 845 1871 de
881 1831 1067 1883 paraitre
1098 1828 1262 1869 n’avoir
1288 1830 1409 1882 point
1441 1831 1503 1871 dit
1534 1831 1575 1871 la
1606 1832 1755 1886 verite,

188 1901 294 1941 mais
314 1898 431 1939 avoir
450 1897 638 1950 repondu
659 1899 683 1936 6
702 1908 786 1936 666
807 1898 977 1948 attaque
996 1908 1073 1947 par
1098 1907 1154 1934 un
1175 1895 1344 1934 affront.
1369 1909 1388 1933 n
1413 1896 1547 1943 Qu'on
1574 1908 1627 1936 ne
1647 1898 1758 1939 eroie

598 191 647 221 16
676 190 880 222 nummu.
907 191 981 221 nes
1011 181 1330 221 paemene-uns.

189 2102 225 2135 et
245 2095 471 2143 hypocrisis,
491 2094 570 2140 iroe,
601 2093 862 2139 impudicitiae,
883 2103 954 2137 gu—

190 2146 262 2189 1ae;
285 2145 364 2190 ipse
385 2143 568 2197 patienter
602 2142 766 2178 tolerans
796 2140 953 2177 addebat

189 2203 228 2230 se
250 2191 463 2228 mortalium
491 2189 699 2237 pessimum
737 2199 830 2224 esse.
861 2189 951 2223 Cum

187 2251 275 2278 vero
290 2238 516 2276 subderent:
536 2252 549 2269 «ι
569 2236 828 2273 Intelleximus
842 2235 952 2272 etiam

188 2288 288 2336 quod
328 2286 526 2323 baercticus
564 2285 626 2320 sis.
682 2298 695 2317 n
740 2283 824 2320 Mox
875 2284 953 2329 ipse

187 2339 299 2383 rupto
327 2333 479 2370 silentio
509 2333 635 2378 junxit
659 2343 666 2368 z
687 2347 699 2364 α
726 2331 824 2367 11061
857 2330 952 2367 absit

187 2394 210 2420 a
229 2393 305 2427 me,
327 2386 366 2417 ut
388 2391 554 2427 unquam
595 2379 792 2416 haereticus
824 2378 910 2414 sim.
937 2393 948 2409 ι)

188 2431 284 2468 Dum
306 2434 429 2465 autem
463 2427 710 2474 inquirerent,
734 2437 801 2463 cur
837 2437 952 2470 negu-

188 2482 243 2515 ret
276 2477 465 2519 luercsim,
489 2476 610 2522 potius
642 2485 754 2521 quam
783 2474 857 2510 alia
884 2474 952 2510 cri·

187 2526 293 2562 minu
313 2535 396 2572 qum
416 2522 585 2559 sciebant
617 2533 702 2558 cum
736 2532 814 2558 non
846 2531 950 2558 com—

188 2573 350 2616 misisse,
373 2571 595 2617 rcspondit:
629 2585 641 2601 «1
685 2570 764 2605 Alia
803 2573 953 2616 peccata

187 2620 419 2658 infirmitatis
438 2623 540 2662 sunt,
559 2623 595 2654 01
617 2617 809 2653 bominem
830 2616 952 2653 adbuc

190 2669 265 2705 Deo
304 2678 368 2713 per
390 2667 500 2703 tidem
532 2665 679 2702 unitum
720 2665 950 2711 relinquunt.

190 2714 349 2752 llmrnsis
373 2725 459 2751 vero
498 2719 553 2749 est
591 2718 688 2749 60161
728 2712 882 2749 malitias
918 2715 952 2748 01

216 2762 421 2804 6111660116,
459 2760 639 2807 omnique
678 2760 789 2796 modo
829 2770 898 2796 nos
933 2770 952 2795 a

206 2813 267 2846 )00
281 2809 439 2854 divellit,
459 2808 595 2845 1011665
611 2807 721 2844 tidem
738 2808 859 2854 primo
877 2807 954 2843 vin-

189 2858 276 2896 culo
298 2869 366 2894 605
389 2857 462 2894 Deo
484 2857 661 2893 liuentem
684 2859 719 2892 et
744 2855 950 2892 unientem.

239 2906 379 2951 ltaque,
412 2903 474 2951 (161
511 2904 573 2940 lici
607 2907 693 2939 sunt
734 2906 769 2938 ct
801 2901 952 2947 Cbristi,

188 2952 298 2989 illum
321 2953 516 2989 innituntur
538 2952 575 2988 in
598 2949 890 2987 mansuetudine
919 2954 955 2986 et

186 3000 368 3048 1161106116
394 3000 492 3037 inter
523 2998 680 3046 injurius
711 3002 747 3035 01
777 3006 953 3045 persecu-

994 2091 1115 2128 tiones
1135 2095 1170 2127 ct
1191 2091 1262 2128 hoc
1287 2091 1436 2137 signum
1475 2096 1529 2127 cst
1561 2092 1758 2131 electionis

994 2150 1136 2175 corum.
1186 2139 1289 2176 Unde
1339 2143 1491 2175 sanetus
1540 2140 1755 2187 Gregorius,

995 2188 1096 2223 hom.
1121 2187 1165 2223 18
1196 2188 1234 2222 in
1261 2187 1479 2230 Evangelio,
1501 2187 1591 2224 dicit
1615 2198 1623 2224 :
1649 2203 1663 2220 ι(
1688 2188 1756 2228 Ν6-

994 2246 1054 2271 mo
1074 2234 1250 2271 convitiis
1269 2234 1476 2271 convitium
1498 2235 1637 2271 reddat.
1662 2236 1755 2272 Imi-

993 2283 1132 2319 1611060
1153 2283 1253 2318 enim
1277 2281 1341 2317 Dei
1362 2281 1560 2327 gloriosius
1576 2287 1631 2318 est
1650 2283 1755 2330 inju-

994 2331 1086 2366 riam
1110 2330 1266 2366 tacendo
1295 2329 1437 2375 sugere,
1459 2340 1569 2376 quum
1606 2341 1757 2378 respon-

991 2378 1114 2414 dendo
1134 2387 1322 2424 superare.
1347 2392 1360 2410 »

1039 2428 1133 2461 Ecce
1190 2425 1382 2470 injurium,
1439 2423 1561 2471 inquit
1615 2424 1756 2463 ibidem

992 2478 1143 2509 salu-tus
1164 2473 1378 2519 Gregorius,
1399 2472 1610 2519 suscipiens
1633 2473 1755 2511 Domi·

992 2531 1062 2556 nus
1088 2531 1163 2557 non
1185 2521 1372 2564 irascitur,
1387 2531 1465 2557 non
1480 2521 1757 2558 contumeliosa

993 2568 1102 2603 verba
1124 2568 1348 2615 respondet3
1371 2568 1433 2614 qui
1467 2567 1498 2604 si
1531 2568 1757 2614 respondere

993 2615 1166 2652 voluisset
1190 2626 1227 2652 :a
1252 2616 1321 2653 Vos
1342 2615 1573 2652 daemonium
1605 2615 1756 2662 ipsimet

993 2662 1150 2708 habetis,
1176 2678 1189 2695 n
1227 2674 1355 2700 verum
1387 2663 1541 2706 diceret,
1562 2663 1649 2709 quia
1681 2663 1755 2701 nisi

992 2711 1136 2756 impleti
1175 2715 1299 2748 055061
1337 2710 1540 2754 daemonio,
1562 2714 1636 2746 1661
1676 2721 1756 2757 per·

993 2769 1096 2794 versu
1126 2759 1172 2794 de
1221 2759 1294 2795 1)οο
1334 2757 1435 2804 loqui
1474 2768 1552 2794 non
1587 2762 1753 2804 possent.

995 2821 1008 2838 ι
1033 2805 1101 2841 Scd
1140 2810 1292 2853 accepta
1330 2805 1467 2852 injuria
1505 2805 1618 2842 etiam
1682 2806 1757 2843 uod

993 2863 1118 2890 verum
1158 2858 1237 2890 orat
1268 2852 1406 2897 dicere.
1447 2852 1586 2890 Veritas
1618 2862 1667 2890 no
1686 2852 1754 2899 uit,

993 2911 1040 2937 60
1061 2911 1137 2937 non
1158 2901 1299 2938 dixisse
1318 2900 1525 2945 veritatem,
1540 2900 1605 2937 sed
1626 2910 1757 2947 provo-

992 2953 1096 2985 cutus
1121 2948 1391 2985 contumeliam
1422 2948 1627 2986 reddidisse
1657 2947 1755 2987 vide-

993 3001 1106 3034 retur.
1132 3011 1145 3029 n
1171 2996 1299 3045 Neque
1317 2995 1505 3044 quispiam
1542 2994 1615 3033 sibi
1639 2994 1756 3035 dede-
