1858 3146
1670 131 1717 171 ss

155 229 269 270 fauts
285 229 314 268 ὰ
330 226 451 276 Dion,
472 225 809 267 uomentement
826 237 880 266 en
898 224 959 265 les
987 226 1187 264 81888881
1215 235 1272 263 811
1302 222 1472 274 temple,
1507 220 1616 261 mais
1645 230 1723 259 en·

158 305 255 335 eure
273 305 323 333 en
343 293 402 333 les
419 291 667 333 conduiemt
685 302 740 330 811
756 293 944 342 martyre
963 302 1040 342 par
1058 290 1117 329 les
1135 287 1406 328 instructions
1437 287 1488 326 de
1508 286 1620 326 saint
1637 284 1723 324 Ba·

158 359 293 411 hyles.
315 358 430 399 Aiusi
446 357 571 397 finem
591 367 742 396 ennom
760 355 945 396 d’eutres
973 356 1122 402 meres,
1145 353 1282 406 parmi
1312 351 1533 403 lesquelles
1563 362 1606 390 se
1636 349 1723 390 din-

157 424 359 475 tinguent
377 422 511 463 581818
530 420 700 461 Felicite
713 424 756 461 et
769 421 904 462 sainte
918 419 1361 471 Symphorose,toutes
1376 417 1435 456 les
1448 416 1558 455 deux
1573 415 1726 454 s’etant

160 489 329 529 offertos
347 490 373 527 8
391 487 496 527 Dieu
515 497 615 525 avec
633 488 724 537 sept
743 485 909 525 enfants
929 497 1005 535 par
1026 485 1062 523 18
1081 487 1283 534 martyre.

213 555 392 594 Ecoutez
410 551 448 591 18
467 551 573 591 118811
590 550 641 590 (18
661 550 802 591 Victor
819 549 1016 601 d’Utique
1035 562 1107 588 sur
1126 549 1260 588 sainte
1280 547 1446 587 Denise.
1469 546 1636 596 Voyant
1649 555 1725 583 son

156 618 286 671 jeuue
302 617 370 657 fils
387 617 544 668 unique
562 614 763 656 trembler
781 617 806 654 8
825 614 1062 667 l'epproche
1082 614 1154 653 des
1173 613 1392 665 supplices,
1414 610 1494 651 elle
1512 609 1573 649 lui
1587 607 1726 648 fuissit

158 683 293 734 signe,
311 684 358 723 et
377 681 414 721 le
437 681 648 733 grondant
679 679 1057 726 meternellement,
1085 678 1163 718 elle
1194 678 1317 718 (115811
1339 691 1348 717 :
1375 691 1395 714 ι(
1416 672 1723 720 Souvieus-toi,

157 758 258 794 nou
276 746 357 796 fils,
379 758 462 798 que
481 758 587 785 nous
605 757 736 785 avons
754 748 819 786 ete
838 745 1020 797 baptises
1039 757 1093 783 au
1112 755 1211 783 nom
1232 743 1283 782 (18
1303 743 1344 782 18
1360 741 1524 782 'Pi-inite
1552 739 1658 780 dans
1685 736 1725 778 le

157 811 247 853 88111
267 811 473 852 materne!
492 811 543 851 de
562 810 724 862 l’eglise
743 810 998 862 catholique.
1021 811 1079 849 Ne
1101 808 1279 860 perdons
1299 820 1372 860 pas
1392 807 1430 846 le
1448 802 1726 845 vetementde

156 881 278 917 notre
297 876 422 926 salut,
443 876 494 916 de
509 887 614 928 peur
633 887 714 928 que
734 875 842 915 celui
861 875 934 927 qui
955 887 1059 914 nous
1079 874 1223 914 convie
1257 872 1438 912 n'arrive
1455 874 1514 917 et,
1537 881 1590 909 ne
1611 876 1727 908 trou-

156 944 260 982 vent
278 941 397 994 point
414 953 486 986 sur
504 953 610 981 nous
630 940 671 980 18
688 940 789 981 robe
810 940 1015 992 nuptiale,
1037 951 1091 979 88
1110 939 1198 979 (1158
1222 949 1230 977 :
1252 936 1434 980 Jetez-le
1452 936 1556 976 dans
1582 934 1641 974 les
1660 935 1724 974 18-

157 1006 308 1048 nebi-es
326 1007 600 1054 exterieures,
621 1007 678 1045 ou
697 1006 727 1045 il
747 1018 773 1057 y
793 1018 897 1045 aura
929 1007 999 1044 des
1021 1005 1160 1056 pleurs
1191 1007 1233 1044 et
1263 1003 1335 1043 (185
1365 1002 1648 1055 grincements
1672 999 1727 1039 de

159 1071 296 1112 dents.
317 1071 351 1112 ll
372 1072 461 1111 faut
477 1071 672 1112 craindre
691 1070 732 1110 18
752 1071 876 1123 peine
897 1070 970 1123 qui
989 1082 1039 1109 88
1060 1070 1153 1109 11811
1170 1068 1338 1120 jamais,
1354 1068 1382 1107 il
1401 1067 1493 1106 faut
1511 1064 1668 1105 desii-er
1687 1063 1728 1103 18

157 1137 226 1178 vie
243 1137 318 1190 qui
337 1137 440 1176 dure
460 1137 665 1188 toujours.
687 1138 825 1176 »Avec
842 1136 894 1175 de
914 1135 1162 1174 semblables
1182 1133 1359 1186 paroles.
1375 1132 1455 1172 elle
1474 1129 1633 1171 fortifia
1650 1140 1727 1169 son

157 1202 226 1244 fils
243 1206 286 1243 et
305 1214 355 1242 en
377 1202 427 1242 fit
444 1201 710 1254 rapidement
728 1213 785 1240 un
805 1204 981 1252 martyr.
1001 1201 1086 1239 Son
1101 1200 1180 1248 fils,
1199 1200 1367 1238 nomme
1385 1196 1570 1248 Majoric,
1589 1193 1729 1234 rendit

158 1266 284 1308 l’eme
303 1267 408 1307 dans
426 1267 466 1307 la
486 1266 719 1306 confession
741 1266 791 1306 de
811 1278 855 1305 58
875 1266 933 1305 t'oi
949 1270 992 1305 et
1010 1276 1252 1304 consomma
1271 1264 1378 1303 ainsi
1401 1262 1729 1314 glorieusomem

158 1344 205 1373 sa
222 1343 381 1372 course.
402 1331 551 1379 Quend
568 1331 598 1371 11
618 1331 684 1370 fut
702 1335 825 1378 mort,
847 1342 892 1369 58
910 1331 1025 1370 mere
1044 1330 1255 1368 embrassa
1274 1330 1314 1367 18
1342 1328 1522 1374 victime,
1556 1330 1599 1365 et
1630 1336 1729 1364 ren»-

159 1397 260 1438 dant
282 1398 426 1449 greces
445 1408 500 1436 811
523 1395 732 1447 Seigneur
751 1407 851 1434 avec
869 1399 984 1433 toute
1005 1394 1208 1446 l'energie
1238 1393 1289 1432 de
1320 1393 1418 1431 voix
1437 1391 1632 1444 possible,
1647 1388 1728 1428 elle

159 1462 307 1504 voulut
325 1460 560 1501 l’ensevelir
580 1459 684 1499 dans
704 1472 749 1499 sa
768 1470 920 1512 propre
940 1458 1101 1498 maison
1121 1459 1225 1498 dans
1251 1458 1291 1497 la
1312 1458 1398 1509 joie
1413 1457 1463 1496 de
1477 1456 1729 1507 l'esperanee

160 1528 316 1575 future,
352 1526 437 1566 ufin
470 1537 567 1578 que,
602 1528 738 1565 toutes
770 1525 829 1564 les
861 1525 940 1564 fois
972 1524 1123 1576 qu'elle
1155 1524 1282 1576 priait
1314 1523 1353 1562 18
1384 1522 1546 1562 Trinite
1565 1533 1637 1560 sur
1654 1531 1729 1559 son

159 1592 365 1646 sepulcre,
403 1590 482 1631 elle
521 1595 592 1630 eut
629 1590 671 1630 18
708 1590 922 1630 8011118888
960 1590 1011 1629 (18
1049 1602 1092 1628 se
1125 1589 1252 1628 sentir
1283 1588 1538 1640 repprochee
1569 1587 1621 1626 de
1650 1597 1727 1624 son

158 1657 241 1698 fils.

213 1726 255 1763 2⁶
275 1723 418 1763 Ponwr.
442 1744 493 1752 -
510 1721 723 1773 Pourquoi
742 1721 918 1760 l’enfant
935 1721 1055 1761 Jesus
1073 1719 1268 1759 voulut-il
1301 1720 1523 1758 demeurer
1553 1717 1658 1756 dans
1689 1715 1729 1756 le

159 1787 344 1841 temple?
365 1786 462 1827 Cela
487 1789 559 1827 eut
585 1786 667 1826 lieu
694 1787 826 1838 parte
848 1786 925 1826 fait
945 1786 1043 1825 d'un
1064 1785 1227 1824 dessein
1248 1785 1401 1838 special
1432 1783 1484 1823 de
1516 1784 1556 1823 18
1587 1782 1728 1822 divine

159 1852 431 1903 Providence,
463 1855 507 1891 et
537 1863 619 1892 non
651 1851 772 1903 point
802 1863 878 1904 par
908 1851 946 1892 18
980 1851 1057 1890 fait
1088 1851 1214 1891 d'une
1245 1850 1494 1902 negligence
1515 1860 1570 1888 ou
1602 1847 1729 1887 d'une

503 147 680 179 ritum
704 146 920 177 mene
946 137 1074 176 818115
1102 135 1375 175 vitumnus.

209 2054 271 2091 Sic
308 2054 420 2097 igitur
455 2053 552 2089 tilios
595 2063 683 2089 suos
730 2053 925 2089 Theodulu

162 2102 240 2139 Deo
260 2101 440 2138 obtulisse
460 2101 584 2146 gavisa
604 2105 671 2141 est.
694 2111 772 2136 uon
801 2101 925 2137 solum

161 2149 209 2186 ed
229 2149 414 2195 templum
445 2147 681 2194 adducendo,
702 2148 766 2184 sed
806 2152 841 2183 et
878 2149 923 2184 ad

160 2197 385 2242 martyrium
422 2207 488 2242 per
517 2195 640 2232 sancti
674 2195 820 2240 Babylae
844 2196 924 2232 ins-

163 2245 402 2281 tructionem.
425 2244 486 2280 Sic
506 2248 542 2279 et
560 2243 646 2279 aliae
666 2248 804 2279 matres
825 2243 924 2279 idem

161 2292 304 2335 fecere,
334 2291 433 2328 inter
469 2301 560 2336 quas
597 2290 764 2327 celebres
797 2296 925 2327 sancta

127 2339 337 2376 -Felioitas
397 2343 433 2376 et
476 2343 605 2376 sancta
656 2339 924 2384 symphorosa,

161 2391 319 2434 utreque
356 2396 444 2423 cum
470 2397 510 2422 se
541 2391 614 2422 tem
650 2386 819 2432 prolibus
852 2387 926 2423 Deo

160 2445 229 2482 per
245 2434 470 2480 mamm-ium
490 2444 512 2470 o
543 2434 639 2470 18115.

209 2482 303 2519 Audi
323 2487 358 2519 et
377 2482 423 2518 de
443 2485 574 2518 588818
602 2481 779 2526 Dionysia
799 2481 925 2518 Victo-

161 2540 243 2567 rem
277 2530 503 2567 Uticensem.
534 2529 602 2565 llta
640 2539 727 2565 cum
768 2529 925 2565 unicum

161 2576 284 2615 filium
316 2577 521 2614 admodum
558 2581 698 2613 t-enerae
733 2577 854 2613 aetatis
885 2577 925 2612 in

187 2625 287 2662 oenis
317 2624 603 2662 formidolosum
635 2629 819 2668 cerneret,
841 2635 925 2660 ver-

211 2683 299 2709 rans
367 2672 477 2708 illum
556 2671 711 2708 nutibus
792 2671 924 2708 oculo-

160 2730 259 2766 rum,
282 2723 318 2757 et
351 2724 524 2756 materna
557 2719 758 2766 increpans
793 2724 926 2756 aucto-

159 2767 282 2812 ritate,
322 2766 470 2805 dicebat
512 2777 520 2803 z
566 2779 580 2799 α
621 2767 824 2811 Memento,
871 2766 924 2803 fili

160 2816 253 2859 mei,
291 2815 380 2862 quia
410 2815 451 2852 in
481 2814 638 2851 nomine
665 2815 859 2851 Trinitatis
885 2816 924 2851 in

159 2861 280 2901 latre
314 2862 508 2899 catholice
557 2861 731 2909 baptizati
776 2873 921 2907 sumus,

161 2918 246 2947 mn
263 2910 464 2957 perdamus
489 2914 629 2947 nostrae
654 2910 788 2947 salutis
807 2911 924 2947 indu-

966 2063 1042 2088 non
1081 2053 1281 2088 inveniens
1320 2058 1457 2089 vestem
1503 2052 1727 2098 nuptialem,

965 2100 1064 2136 dicat
1088 2111 1095 2135 ε
1122 2100 1251 2136 Mittit(¹
1285 2110 1372 2136 eum
1406 2101 1445 2136 in
1468 2099 1641 2136 tenebras
1659 2109 1728 2135 ex-

966 2147 1212 2191 teriores‚ubi
1250 2151 1356 2184 fletus
1387 2153 1422 2184 81
1461 2148 1599 2184 stridor
1631 2148 1727 2183 (188-

966 2196 1071 2231 tium.
1097 2196 1164 2231 lllu
1184 2206 1295 2242 poena
1315 2196 1497 2238 timenda,
1517 2205 1601 2240 quae
1633 2205 1729 2231 nuu-

965 2253 1075 2289 quam
1099 2244 1246 2285 linitur;
1282 2244 1348 2279 1118
1368 2244 1442 2280 vita
1467 2242 1728 2286 desiderande,

964 2301 1047 2336 quae
1103 2302 1181 2327 sem
1236 2302 1251 2326 r
1304 2291 1474 2328 habetur.
1519 2307 1532 2323 n
1573 2289 1729 2326 Talibus

966 2339 1086 2374 tilium
1143 2339 1312 2375 soidans
1368 2338 1506 2381 verbis,
1551 2336 1729 2374 velociter

967 2391 1167 2431 martyrem
1189 2387 1288 2423 18811.
1311 2387 1371 2423 Sic
1405 2386 1504 2422 tilius
1529 2386 1625 2431 ejus,
1647 2384 1729 2422 Μι-

961 2434 1104 2479 joricus
1139 2435 1309 2478 nomine,
1330 2435 1370 2470 18
1406 2433 1612 2471 certamine
1631 2442 1727 2470 eou-

967 2482 1140 2517 1855181115
1172 2482 1345 2528 spiritum
1380 2482 1552 2525 reddens,
1573 2490 1728 2517 cursum

964 2530 1255 2566 consummavit.

1012 2578 1315 2623 Amplexansque
1330 2575 1557 2612 materillam
1565 2575 1726 2613 hostiam

965 2635 1085 2667 suam,
1107 2625 1258 2671 quantis
1279 2625 1397 2671 potuit
1416 2623 1570 2660 vocibus
1597 2623 1727 2659 Domi-

967 2683 1015 2708 no
1035 2674 1172 2718 gratias
1204 2683 1333 2718 egem,
1354 2671 1401 2708 ad
1432 2670 1613 2718 gaudium
1648 2671 1728 2718 spei

966 2720 1100 2756 futurae
1120 2721 1159 2756 in
1192 2731 1258 2756 sua
1291 2719 1403 2756 domo
1422 2718 1556 2755 maluit
1587 2718 1727 2764 sepeli-

966 2779 1017 2811 re,
1070 2773 1107 2804 ut
1145 2767 1290 2813 quoties
1332 2776 1445 2813 super
1482 2766 1726 2813 sepulchrum

963 2815 1044 2861 eJ‘us
1072 2815 1246 2851 Trinitati
1277 2824 1407 2861 preces
1438 2813 1612 2858 effundit,
1637 2813 1728 2850 alie-

965 2874 1052 2899 nam
1074 2873 1113 2898 se
1132 2873 1153 2897 a
1174 2862 1252 2898 filio
1266 2871 1475 2908 numquam
1492 2860 1674 2899 confidat.

1013 2911 1089 2946 Hoc
1127 2908 1282 2955 speciali
1324 2909 1489 2947 consilio
1525 2909 1727 2956 divinaque

165 2961 351 3004 nemum,
385 2968 436 2996 ne
472 2957 630 2995 veniens
665 2957 857 3004 invitator,
886 2962 926 2995 et
963 2956 1198 3004 providentia
1220 2957 1361 2994 factum
1391 2962 1462 3003 est,
1483 2967 1562 2995 non
1589 2966 1729 3004 paren-
