1858 3146
1555 145 1635 186 649

67 242 151 284 que
169 234 264 272 tous
280 231 339 271 les
358 231 574 272 assistants
591 244 642 272 en
662 232 805 272 furent
836 233 1028 272 etonnes.
1049 232 1235 275 Voulant
1266 233 1306 272 la
1331 232 1636 286 dedommager

67 296 118 336 de
138 308 202 337 ses
221 298 422 348 outrages
440 309 517 349 par
534 309 591 336 un
611 297 803 344 bienfait,
824 297 905 337 elle
924 297 986 336 lui
1005 297 1051 337 fit
1063 298 1262 350 parvenit·
1281 300 1556 339 secretement
1574 310 1634 340 un

68 363 239 414 present
262 364 304 402 et
324 361 403 401 elle
437 362 559 401 disait
590 374 675 401 aux
704 362 815 402 siens
838 373 847 400 :
874 378 894 398 «
912 362 1086 402 J'avoue
1118 375 1200 415 que
1223 364 1267 414 Je
1299 363 1383 402 suis
1413 363 1634 412 redevahle

65 438 214 467 envers
233 439 339 466 ceux
360 426 434 479 qui
453 438 521 466 me
540 427 704 466 forcent
722 427 773 467 de
793 427 932 467 courir
951 427 1055 466 dans
1074 428 1114 467 la
1141 428 1232 468 voie
1263 428 1334 467 des
1365 429 1631 470 commande-

66 494 203 532 ments
215 491 266 531 dc
280 492 385 532 Dieu
400 491 504 531 dont
521 491 699 532 l'amour
712 495 774 532 est
786 492 825 532 le
839 491 1188 544 developpement
1201 494 1395 545 complet.
1414 509 1434 530 »
1454 492 1634 547 (Extrait

65 557 118 596 de
135 568 180 596 sa
198 557 263 597 vie
282 569 357 608 par
369 557 528 606 Sarius,
547 561 648 598 tom.
666 559 715 607 ΙΙ,
730 561 840 610 part.
856 568 901 606 11,
917 558 983 597 cb.
1001 557 1046 611 ι.)
1064 558 1185 598 Saint
1198 559 1433 598 Bernardin
1452 560 1501 598 fit
1520 559 1633 600 aussi

63 621 104 662 la
125 622 260 661 meme
278 624 467 674 repense,
489 623 667 674 lorsque,
690 625 806 662 etant
825 634 975 662 encore
990 622 1138 674 jeune,
1155 623 1183 662 il
1210 623 1275 662 fut
1301 626 1462 675 envoye
1489 636 1566 676 par
1594 624 1633 664 le

65 686 293 738 Superieur
313 687 368 726 du
387 690 566 727 convent
585 688 735 739 queter
761 687 865 727 dans
885 688 926 727 la
959 688 1057 728 ville
1089 688 1140 728 de
1171 688 1336 735 Sienne,
1360 688 1432 728 des
1463 689 1632 729 enfants

62 750 340 790 l'assaillirent
360 763 460 791 avec
480 751 551 791 des
570 751 734 804 paroles
756 752 1008 804 injurieuses
1028 756 1070 793 et
1090 754 1226 793 meme
1247 765 1347 792 avec
1367 753 1438 792 des
1457 754 1628 806 pierreS,

10 839 15 843 -
62 826 138 855 son
156 827 418 867 compagnon
439 827 491 856 en
511 816 613 856 etait
644 817 872 857 fortement
894 817 1076 867 trouble,
1098 818 1158 857 lui
1192 830 1244 857 au
1268 819 1494 867 contraire,
1515 830 1630 859 rece-

61 883 164 920 vant
183 882 275 919 tout
307 880 522 931 gaiement
551 885 593 920 et
623 893 723 920 avec
751 881 854 934 joie,
888 882 1013 922 disait
1036 896 1045 922 :
1072 883 1210 923 «Mon
1243 883 1370 933 frere,
1404 882 1646 924 laissez-les·

61 944 167 985 faire
186 947 331 985 contre
351 957 458 985 nous
477 958 523 986 ce
544 946 666 998 qu’ils
686 947 870 996 veulent,
894 948 947 987 ils
967 960 1073 987 nous
1092 948 1238 988 uident
1256 950 1280 987 a
1301 948 1460 988 arriver
1479 961 1534 989 au
1553 949 1631 990 ciel

62 1021 137 1061 pas
155 1009 196 1050 la
214 1010 306 1049 voie
327 1009 378 1050 de
397 1010 437 1050 la
452 1012 660 1063 patience.
684 1027 705 1047 »

116 1075 179 1115 On
200 1079 371 1115 raconte
391 1076 504 1115 enfin
527 1076 626 1116 d'un
646 1076 718 1116 des
737 1077 909 1117 anciens
939 1079 1060 1118 Peres
1080 1090 1175 1130 que,
1211 1078 1413 1129 prechant
1440 1078 1482 1118 la
1501 1078 1560 1118 foi
1580 1079 1632 1120 de

60 1140 360 1187 Jesus-Christ,
385 1140 415 1179 il
434 1140 498 1180 fut
517 1141 684 1180 accable
705 1141 908 1194 d’injures
930 1155 1005 1194 par
1025 1143 1083 1183 les
1110 1142 1298 1182 infideles
1317 1142 1630 1194 d’Alexandrie‚

60 1208 104 1244 et
122 1216 284 1245 comme
310 1205 360 1244 ils
391 1206 450 1245 lui
481 1206 780 1246 demandaient
812 1208 931 1259 quels
964 1207 1155 1248 miracles
1186 1208 1354 1247 avaient
1384 1209 1461 1248 fait
1488 1209 1629 1249 Jesus-

61 1269 211 1320 Christ,
235 1270 264 1309 il
283 1282 335 1310 ne
355 1271 448 1310 leur
465 1271 513 1311 fit
532 1284 613 1324 que
634 1275 742 1312 cette
773 1274 950 1325 repense
975 1286 984 1312 z
1011 1290 1031 1310 «
1053 1274 1085 1313 ll
1105 1286 1130 1313 a
1162 1272 1238 1312 fait
1271 1286 1317 1313 ce
1338 1273 1510 1313 miracle
1530 1285 1628 1326 que,

60 1335 277 1387 poursuivi
296 1348 372 1388 par
391 1348 463 1376 vos
483 1342 681 1388 outrages
702 1340 830 1378 etvos
849 1338 907 1389 inj
917 1350 1023 1387 ureS,
1044 1339 1088 1390 je
1114 1351 1166 1378 nc
1201 1350 1268 1378 me
1289 1339 1374 1378 suis
1391 1351 1465 1391 pas
1494 1341 1632 1379 meme

59 1399 182 1439 laisse
202 1401 436 1440 emouvoir.
458 1417 478 1437 »
503 1403 736 1442 Concluons
751 1403 856 1442 donc
871 1416 946 1455 par
960 1403 1255 1443 l'exhortation
1273 1415 1354 1455 que
1369 1404 1480 1443 saint
1493 1403 1630 1444 Basile

59 1463 224 1504 adresse
244 1467 269 1504 a
286 1478 360 1505 son
383 1466 448 1505 fils
467 1466 658 1519 spirituel
680 1479 689 1506 ε
716 1482 735 1505 (ι
757 1468 851 1507 Mon
875 1469 955 1518 fils,
979 1469 1038 1507 lui
1058 1468 1182 1515 dit-il,
1205 1468 1327 1508 faites
1346 1468 1558 1520 provision
1578 1468 1630 1509 de

61 1529 266 1580 patience,
290 1529 389 1569 c'est
409 1530 450 1569 la
469 1530 562 1582 plus
582 1531 741 1582 grande
761 1535 879 1571 vertu
901 1532 952 1572 de
973 1532 1095 1572 l'ame
1122 1532 1195 1584 qui
1227 1534 1364 1584 puisse
1395 1546 1497 1572 vous
1528 1545 1628 1573 con-

58 1593 178 1634 duire
198 1594 462 1646 rapidement
482 1608 535 1634 au
555 1601 735 1636 sommet
760 1597 810 1636 de
844 1598 885 1636 la
916 1597 1175 1649 perfectiom
1211 1610 1263 1636 ne
1296 1597 1525 1638 demandez
1557 1610 1631 1650 pas

57 1670 140 1698 aux
158 1659 349 1699 hommes
368 1659 409 1699 la
429 1663 693 1713 recompense
713 1662 763 1701 de
783 1665 901 1702 voti-e
921 1662 1127 1714 patience,
1144 1662 1178 1701 si
1192 1674 1294 1702 vous
1311 1663 1458 1703 voulez
1477 1663 1629 1703 l'avoir

57 1724 241 1764 certaine
262 1724 366 1764 dans
385 1724 536 1765 l'autre
557 1726 639 1765 vie.
663 1742 683 1762 »

109 1791 152 1828 4⁰
170 1790 312 1828 Pomm.
328 1812 381 1818 —
394 1793 450 1829 Le
470 1790 705 1841 quatrieme
726 1791 844 1842 signe
865 1791 915 1831 de
934 1791 1270 1844 predestination
1285 1796 1347 1832 est
1361 1794 1413 1832 de
1428 1793 1629 1835 chercher

556 153 769 184 nummum
797 153 849 183 DE
878 153 927 183 LA
961 154 1140 185 rAssmu.

56 1959 226 1996 animam
270 1961 482 2007 possidens,
521 1962 614 1999 adeo
667 1963 823 2000 immota

85 2007 279 2052 ermansit,
317 2013 356 2045 ut
399 2019 530 2045 omnes
581 2010 820 2047 mirarentur.

96 2054 287 2092 aleticium
308 2067 393 2092 vero
426 2067 673 2104 compensare
693 2058 823 2094 volens

59 2101 259 2146 beneficio,
307 2104 407 2139 clam
463 2105 497 2140 ei
551 2106 822 2142 munusculum

59 2150 282 2193 transmisit,
303 2151 523 2198 dicebatque
552 2153 629 2188 suis
652 2163 661 2189 ε
687 2168 700 2185 «
743 2154 823 2190 Illis

57 2207 126 2243 ego
159 2197 296 2234 debere
334 2209 394 2235 me
439 2199 569 2245 fateor,
616 2200 679 2246 qui
723 2201 821 2237 viam

57 2245 323 2282 mandatorum
345 2246 425 2289 Dei,
446 2257 604 2293 quorum
628 2248 822 2294 plenitudo

57 2297 114 2328 est
124 2292 293 2337 dilectio,
303 2304 362 2330 me
376 2304 526 2330 currere
541 2295 788 2341 compellunt.
802 2311 817 2330 »

59 2340 146 2376 Haec
165 2350 210 2376 ex
231 2341 305 2377 vita
325 2342 405 2387 ejus
424 2343 523 2388 apud
545 2342 710 2386 Surium,
728 2348 818 2380 tom.

55 2387 92 2423 2.
115 2392 218 2433 parte
237 2388 272 2424 2.
300 2398 382 2434 cap.
406 2398 430 2424 1.
455 2389 537 2427 Non
559 2389 725 2426 absimili
747 2401 822 2427 mo-

57 2434 106 2471 do
139 2435 332 2481 respondit
368 2441 521 2472 sanctus
553 2438 819 2483 Bernardinus,

57 2481 122 2528 qui
142 2492 229 2518 cum
248 2483 373 2519 adhuc
397 2484 548 2528 juvenis
585 2496 606 2520 a
625 2486 822 2531 Superiore

57 2529 272 2566 Conventus
291 2530 338 2567 ad
371 2530 630 2578 eleemosynas
661 2543 726 2579 per
756 2543 821 2570 ur·-

58 2575 144 2613 hem
163 2577 370 2614 Senensem
390 2579 622 2623 colligendas
652 2580 822 2617 mittere-

58 2627 117 2660 tur
135 2635 158 2660 a
176 2626 303 2671 pueris
323 2626 515 2663 dissolutis
536 2627 822 2674 verbisinJ‘urio-

57 2670 124 2715 sis,
157 2676 193 2707 et
235 2673 462 2719 quandoque
492 2674 603 2710 etiam
635 2674 821 2721 lapidibus

58 2717 308 2764 impetebatur
341 2731 348 2756 :
389 2731 550 2768 eumque
580 2722 705 2759 socius
739 2723 821 2770 eJus

58 2765 220 2818 multum
239 2773 552 2813 commoveretur,
567 2769 575 2805 i
581 2779 646 2815 pse
658 2780 678 2806 e
691 2776 820 2807 contra

58 2811 155 2848 facte
175 2812 286 2850 hilari
305 2819 340 2851 et
358 2815 441 2852 laeta
453 2817 583 2853 omnia
595 2818 818 2864 excipiebat,

58 2863 95 2895 et
114 2860 216 2896 socio
235 2861 382 2899 dicebat
404 2874 412 2899 :
434 2878 446 2895 κ
470 2863 572 2906 Sine,
598 2864 735 2910 Frater,
756 2876 820 2902 eos

59 2907 159 2952 quod
193 2907 381 2946 voluerint
417 2910 460 2947 in
493 2921 562 2948 nos
592 2922 714 2958 agere,
746 2913 819 2959 ipsi

57 2963 146 2991 eum
199 2955 377 3002 adjuvant
426 2968 496 2995 nos
545 2959 592 2995 ad
646 2959 818 3007 Regnum

862 1963 1050 2018 Coelorum
1076 1966 1388 2012 consequendum
1424 1977 1491 2014 per
1529 1968 1629 2005 viam

861 2012 1065 2057 pauentiae.
1089 2027 1103 2045 υ

912 2059 1114 2104 Postremo,
1136 2059 1224 2096 audi
1245 2060 1290 2096 de
1311 2060 1474 2107 quodam
1496 2072 1542 2097 ex
1561 2072 1628 2099 an·

861 2107 974 2152 tiquis
1008 2107 1191 2143 Patribus..
1218 2108 1283 2144 llic
1313 2118 1401 2144 cum
1422 2109 1559 2145 Christi
1579 2108 1627 2145 fi-

860 2154 946 2190 dem
966 2155 1200 2190 annuntians
1213 2156 1462 2200 exagitaretur
1477 2155 1629 2202 injuriis

859 2201 906 2237 ab
928 2202 1144 2238 infidelibus
1162 2202 1439 2247 Alexandrinis,
1456 2208 1491 2240 et
1506 2204 1626 2240 inter-

861 2254 1051 2295 rogaretur
1094 2250 1141 2285 ab
1199 2250 1275 2285 illis
1325 2261 1408 2296 quae
1458 2251 1628 2289 Christus

861 2296 1043 2332 miracula
1063 2297 1225 2341 fecisset,
1248 2308 1325 2333 non
1351 2299 1454 2334 aliud
1475 2309 1628 2345 respon-

860 2344 912 2380 dit
935 2355 943 2380 :
965 2358 978 2374 «
1013 2345 1088 2381 lloc
1127 2345 1353 2381 miraculum
1391 2346 1493 2390 fecit,
1526 2346 1628 2392 quod

860 2402 927 2438 ego
959 2392 1132 2428 convitiis
1169 2397 1204 2428 et
1237 2393 1385 2438 inJuriiS
1406 2394 1536 2429 vestris
1568 2393 1626 2431 la·

860 2439 1032 2484 cessitus,
1051 2440 1097 2475 ad
1118 2439 1377 2486 dignationem
1409 2441 1504 2477 nihil
1525 2451 1626 2478 com·

861 2497 1055 2523 movear.»
1081 2487 1360 2524 concludamus
1392 2488 1506 2534 igitur
1537 2499 1627 2527 cum

860 2539 989 2570 sancto
1011 2534 1146 2570 Basilio
1166 2535 1206 2570 in
1231 2535 1491 2572 admonitione
1509 2535 1556 2572 ad
1576 2534 1626 2573 fi-

861 2581 954 2617 lium
965 2582 1212 2628 spiritualem,
1226 2582 1280 2618 sic
1296 2594 1365 2619 nos
1377 2583 1624 2621 exhortante:

865 2642 879 2660 α
904 2629 988 2672 Fili,
1004 2629 1224 2675 patientiam
1246 2631 1382 2676 arripe,
1398 2631 1485 2678 quia
1500 2631 1626 2668 maxi-

860 2687 922 2712 ma
942 2677 1058 2712 virtus
1077 2677 1216 2713 animae
1237 2682 1275 2713 ut
1295 2678 1470 2715 velociter
1489 2678 1534 2715 ad
1557 2689 1626 2716 su—

860 2724 1084 2760 blimitatem
1123 2725 1365 2770 perfectionis
1403 2726 1525 2772 possis
1559 2736 1624 2763 as-

858 2771 1019 2808 cendere
1038 2772 1326 2808 retributionem
1352 2773 1544 2819 patientiae
1564 2783 1625 2811 me

859 2829 907 2854 ne
926 2829 1072 2864 quaeras
1091 2819 1137 2855 ab
1169 2819 1322 2856 homine
1344 2830 1352 2856 ε
1376 2825 1416 2857 ut
1435 2821 1477 2857 in
1496 2821 1624 2859 futuro

859 2866 978 2912 possis
996 2867 1169 2912 accipere
1195 2879 1217 2902 a
1249 2867 1411 2905 Domino
1441 2873 1623 2906 aeternam

858 2914 1156 2950 retributionem.
1175 2929 1188 2945 n

905 2962 1085 3005 Quartum
1107 2961 1449 3008 praedestinationis
1469 2962 1623 3009 signum
