1858 3146
292 170 373 211 580
708 178 757 207 LE
793 177 998 208 ΒΑΤῙΟΝΑῙ,
1026 178 1102 208 nes
1131 169 1446 208 naemu-ranas.

288 257 468 309 abreget·
487 268 587 295 mon
607 258 742 308 temps
761 267 856 296 sans
875 268 956 308 que
972 255 1016 306 je
1038 256 1074 294 le
1094 255 1264 303 veuille,
1287 267 1358 294 ma
1377 255 1443 295 vie
1462 257 1526 296 est
1544 267 1598 296 en
1623 267 1724 297 mon
1753 269 1858 311 pou-

286 321 391 370 voir‚
415 324 457 361 et
476 333 563 360 non
583 333 658 372 pas
675 333 729 359 au
749 320 853 360 sien.
878 321 996 360 Aussi
1016 321 1059 372 je
1092 320 1198 359 ferai
1218 320 1289 359 des
1322 319 1515 360 miracles
1535 323 1626 360 tant
1656 321 1759 374 qu’il
1792 333 1858 364 me

284 386 437 440 plaira,
459 389 501 425 et
520 385 792 437 aujourd’hui
810 388 852 426 et.
877 386 1063 433 demain,
1087 384 1333 424 c’cst—a-dire
1354 384 1460 424 dans
1479 384 1518 425 16
1538 389 1672 439 temps
1690 377 1858 440 present

285 454 327 492 et
346 451 450 491 daus
468 450 507 490 16
527 454 662 502 temps
682 452 706 489 a
726 451 845 490 venir
867 465 876 490 ε
894 456 934 490 et
954 451 992 490 16
1015 450 1226 489 troisieme
1255 450 1368 500 jour,
1393 449 1501 489 c'est-
1516 451 1654 491 a-dire
1682 463 1737 491 au
1755 451 1858 494 bout

283 515 384 556 d’un
404 515 562 555 certain
582 519 732 568 temps,
749 515 793 566 je
814 516 921 556 serai
941 515 1180 555 consomme
1201 526 1276 566 par
1297 526 1367 554 ma
1388 519 1498 555 mort
1519 519 1560 555 et
1580 527 1650 556 ma
1667 516 1856 568 Pession,

282 583 377 622 tout
402 593 446 620 ce
468 594 548 633 que
565 581 712 632 j'avais
744 583 767 620 a
799 582 905 620 faire
937 583 1052 620 etant
1091 579 1311 631 accompli.
1351 580 1431 620 J'ai
1468 580 1574 620 done
1613 594 1763 622 encore
1799 582 1857 622 du

282 650 419 699 temps
438 659 545 699 pour
572 647 763 686 mareher
795 649 837 686 et
866 646 1092 697 accomplir
1125 645 1297 685 l’oeuvre
1330 646 1403 697 qui
1434 646 1556 686 m'est
1593 646 1792 698 imposee‚
1815 650 1858 689 et

280 711 314 752 il
331 712 425 751 faut
444 712 677 763 qu’ensuite
698 711 783 750 moi
803 711 1008 762 Prophete
1033 710 1076 763 je
1098 711 1178 750 sois
1202 710 1278 749 mis
1297 713 1322 749 a
1341 714 1452 750 mort
1484 713 1508 750 a
1538 712 1792 762 Jerusalem,
1814 716 1857 754 et

277 776 323 830 je
343 789 396 816 ne
415 776 524 816 serai
545 789 616 828 pas
638 776 716 815 mis
738 778 762 815 a
782 779 892 814 mort
912 788 964 814 en
984 788 1042 814 un
1064 779 1182 815 autre
1215 780 1348 827 temps
1380 779 1422 815 et
1453 788 1505 816 en
1538 789 1596 815 un
1629 779 1750 817 autre
1769 777 1856 819 lieu

282 853 365 894 que
385 854 431 881 ce
452 842 525 893 qui
546 854 570 879 a
590 843 656 880 ete
674 841 838 880 decrete
860 853 936 892 par
956 853 1054 879 mon
1079 842 1195 880 Pere.
1211 840 1318 881 C'est
1337 841 1547 893 pourquoi
1565 842 1855 892 Jews-Christ,

281 905 457 947 sat-,hant
476 906 578 957 qu’il
610 906 751 945 devait
770 905 931 945 mourir
951 907 975 944 a
999 906 1231 946 Jerusalem
1253 909 1294 945 et
1314 919 1406 946 vers
1439 906 1480 946 la
1500 906 1584 947 tete
1605 907 1654 947 (16
1675 907 1853 960 Ρέι111165,

281 984 324 1012 56
342 971 486 1018 retiret,
509 973 533 1009 a
553 971 593 1009 la
611 970 806 1010 nouvelle
826 970 876 1010 de
896 971 937 1009 la
957 974 1067 1010 mort
1088 971 1140 1010 de
1157 972 1278 1021 Jean,
1299 972 1403 1011 dans
1423 971 1462 1011 16
1483 971 1635 1022 desert,
1657 971 1856 1013 differant

282 1048 327 1076 sa
340 1038 451 1076 mort
462 1036 661 1087 jusqu’au
681 1039 818 1088 temps
838 1038 1029 1088 marque.
1047 1035 1172 1076 Selon
1189 1037 1226 1075 la
1239 1049 1462 1089 remarque
1479 1037 1528 1076 de
1543 1038 1654 1077 saint
1667 1038 1854 1088 Jeremffi

278 1100 423 1140 l'Evan
432 1100 579 1152 geliste
592 1101 701 1140 saint
713 1101 918 1140 Matthien
930 1101 1108 1152 emploie
1123 1113 1222 1140 avec
1233 1102 1373 1140 raison
1388 1104 1495 1141 cette
1509 1102 1750 1154 expression
1767 1116 1805 1158 :a
1820 1103 1855 1144 11

279 1178 323 1206 se
336 1165 505 1216 retira,»
519 1169 560 1205 et
574 1178 658 1205 non
676 1178 762 1217 pas,
775 1166 804 1204 11
819 1166 902 1217 prit
916 1166 956 1205 la
972 1166 1091 1215 suite,
1104 1166 1187 1205 alin
1199 1166 1249 1206 de
1265 1178 1463 1218 marquer
1477 1179 1558 1218 que
1572 1168 1692 1208 Jesus
1706 1179 1748 1208 se
1763 1168 1858 1209 reti-

278 1230 362 1270 rait
376 1230 471 1283 plus
487 1233 547 1270 tot
561 1243 667 1283 pour
682 1231 813 1271 evitet·
828 1231 886 1270 165
903 1232 1188 1283 persecuteurs
1204 1243 1285 1283 que
1300 1244 1423 1284 parce
1439 1232 1540 1284 qu'il
1554 1233 1613 1272 les
1627 1233 1852 1285 craignait.

332 1297 375 1336 3⁰
394 1295 514 1336 Saint
533 1297 702 1336 Jerome
722 1308 875 1348 expose
896 1297 935 1335 la
959 1296 1169 1335 trois-‚ieme
1190 1296 1347 1348 raison,
1370 1296 1559 1349 lorsqu'il
1580 1297 1641 1338 dit
1660 1311 1699 1338 :u
1717 1299 1853 1339 ,Iesus-

280 1358 420 1400 christ
439 1373 482 1400 56
503 1361 632 1400 retira
663 1373 771 1412 pour
803 1361 966 1401 donner
994 1374 1052 1400 un
1090 1362 1281 1413 exemple
1315 1374 1399 1401 aux
1430 1363 1675 1403 temerati-es
1707 1363 1779 1416 qui
1810 1376 1854 1405 se

278 1424 435 1465 livrent
455 1427 774 1474 d'eux-memes;
800 1439 923 1478 parce
944 1438 1023 1478 que
1048 1429 1140 1466 tous
1166 1438 1219 1466 ne
1247 1428 1517 1479 perseverent
1546 1440 1621 1480 pas
1658 1428 1763 1468 dans
1794 1428 1854 1469 les

278 1493 527 1540 tourments,
550 1504 649 1531 avec
668 1492 709 1531 la
729 1493 866 1531 meme
885 1495 1107 1531 constance
1127 1504 1227 1531 avec
1248 1492 1433 1544 laquelle
1465 1493 1514 1532 ils
1547 1505 1590 1533 se
1627 1496 1723 1533 sont
1754 1487 1852 1546 pre-

278 1558 412 1596 sentes
432 1558 456 1596 a
473 1556 586 1596 leurs
606 1558 906 1608 persecuteurs.
935 1573 952 1593 »
976 1557 1029 1596 115
1051 1561 1123 1596 ont
1155 1557 1272 1596 imite
1306 1562 1369 1598 eet
1401 1559 1611 1610 exemple,
1635 1558 1693 1598 les
1724 1559 1852 1599 saints

279 1621 366 1674 qui,
408 1634 516 1674 pour
552 1621 781 1661 comhattre
820 1622 1131 1674 legitimement
1181 1627 1325 1661 contre
1383 1622 1496 1662 leurs
1544 1624 1849 1675 persecuteurs,

277 1685 572 1738 s'eloignaient
592 1686 798 1739 lorsqu'ils
818 1699 870 1726 611
890 1687 1049 1727 etaient
1069 1687 1314 1726 recherches
1334 1691 1376 1727 et
1396 1700 1437 1727 56
1466 1688 1698 1728 cachaient.
1729 1689 1852 1741 Igno·

275 1754 373 1791 rant
393 1763 437 1790 ce
461 1754 590 1791 terme
611 1751 666 1790 du
687 1755 820 1803 temps
842 1752 913 1803 qni
934 1752 1023 1791 leur
1044 1751 1145 1791 etait
1166 1753 1335 1803 assigna
1357 1765 1431 1803 par
1460 1753 1501 1792 la
1534 1753 1672 1793 divine
1706 1754 1848 1795 Provi-

277 1815 421 1865 denec,
444 1816 494 1855 ils
515 1828 568 1855 116
600 1816 817 1855 voulaient
846 1829 920 1868 pas
954 1829 995 1856 se
1030 1817 1156 1855 livrer
1194 1818 1461 1856 eux-memes
1492 1829 1576 1856 aux
1614 1818 1759 1871 pieges
1790 1819 1851 1861 de

321 1980 434 2024 Quasi
453 1980 553 2016 dieat
574 1990 581 2016 :
606 1979 683 2018 Nec
704 1989 782 2024 vos,
798 1990 819 2016 0
842 1979 1034 2025 Pliariswi,

271 2038 344 2064 nee
385 2028 562 2072 Herodes,
594 2038 666 2064 nec
704 2027 892 2073 quispiam
937 2027 1034 2063 alius

272 2074 421 2112 brevius
483 2079 604 2122 potest
665 2074 814 2111 essiccrc
887 2080 1035 2121 tempus

270 2133 414 2166 meum,
448 2134 559 2169 quam
599 2134 667 2169 ego
706 2122 837 2164 velim;
873 2122 910 2158 in
955 2134 1034 2158 1060

271 2175 325 2207 est
356 2175 550 2216 potestate,
571 2181 645 2206 0011
681 2170 797 2214 illius,
820 2169 891 2205 vita
925 2181 1031 2213 mea3

270 2217 371 2254 unde
407 2218 589 2254 miracula
620 2218 813 2264 perticiam
840 2228 1032 2263 quousque

269 2265 366 2302 mibi
386 2265 584 2312 placuerit,
609 2281 622 2296 «
647 2272 682 2301 et
704 2265 828 2309 hodie,
850 2269 883 2299 ct
906 2276 1026 2309 cram»

268 2313 308 2350 ia
328 2318 397 2356 est,
419 2317 454 2348 et
489 2313 558 2350 hoc
591 2313 765 2359 praesenti
798 2317 965 2358 tempore
997 2318 1030 2348 ct

267 2370 356 2397 mox
390 2361 533 2404 sutur03
567 2366 602 2396 et
632 2360 739 2396 tertia
764 2360 838 2414 dio,
867 2360 938 2396 hoc
977 2367 1026 2395 651

266 2413 350 2455 post
370 2408 522 2454 aliquod
546 2408 723 2454 temperis
743 2411 919 2454 spatium,
942 2419 1030 2444 600-

266 2455 486 2492 summabor
518 2466 582 2502 per
623 2461 781 2491 mortem
814 2459 850 2492 et
881 2455 1026 2501 passio-

264 2513 367 2549 nem,
393 2502 571 2540 omnibus
602 2502 717 2539 officii
750 2503 823 2539 1061
860 2502 1027 2549 partibus

265 2551 439 2598 expletis.
464 2550 587 2587 liabeo
607 2561 694 2595 ergo
726 2550 850 2586 adhuc
874 2550 1023 2596 aliquod

264 2601 413 2645 tempus
455 2599 503 2634 nd
539 2597 814 2634 ambulandum
846 2603 880 2634 et
911 2599 1022 2644 pcrti-

264 2646 440 2683 ciendum
465 2645 680 2692 injunctum
702 2645 794 2682 milii
817 2655 968 2689 munus,
990 2650 1022 2681 et

289 2698 390 2731 05160
437 2693 475 2730 10
519 2693 725 2730 Jerusalem
777 2697 922 2739 oportet
965 2703 1023 2728 106

262 2704 485 2787 Bromii-nun
519 2740 679 2778 intertici
704 2751 711 2776 :
735 2751 805 2778 nec
836 2740 910 2777 alio
941 2739 1022 2777 loeo

261 2787 478 2831 interficiar,
502 2800 571 2825 066
599 2789 674 2825 0110
703 2793 881 2834 tempore,
910 2797 1019 2835 quam

260 2834 326 2873 ino
347 2837 444 2882 quod
465 2836 641 2873 decrevit.
666 2836 770 2872 Pater
791 2835 915 2872 561605
934 2845 1020 2890 crgo

259 2882 429 2920 Christus
460 2884 557 2930 qued
592 2883 630 2920 10
668 2883 891 2928 Jerusalem,
913 2887 947 2919 et
979 2893 1018 2919 10

257 2929 319 2966 (116
352 2930 503 2968 Pascha:
536 2931 630 2968 mori
661 2930 834 2976 debebat,
860 2930 1018 2967 audiens

257 2988 390 3016 necem
410 2979 581 3026 Joannis,
596 2979 749 3016 secessit
767 2979 806 3016 in
827 2978 1015 3015 desertum

1077 1980 1218 2025 locum,
1240 1991 1347 2016 suam
1379 1980 1561 2018 differens
1592 1982 1674 2028 ipse
1711 1993 1847 2022 necem

1077 2038 1193 2073 usque
1224 2029 1271 2064 ad
1304 2033 1455 2075 tempus
1487 2029 1693 2067 decretum.
1724 2031 1769 2068 Et
1805 2036 1846 2070 ut.

1074 2075 1230 2111 advertit
1269 2081 1421 2112 sanctus
1457 2077 1707 2122 llyeronimus
1745 2084 1850 2117 recte·

1077 2123 1312 2169 [avangelista.
1327 2124 1525 2161 Matthaeus
1540 2125 1650 2161 dixit:
1668 2126 1843 2172 Secessit,

1077 2182 1149 2206 000
1168 2182 1252 2206 vero
1265 2171 1370 2215 sugit,
1386 2176 1423 2207 ut
1438 2178 1699 2218 persecutores
1724 2174 1846 2221 magis

1074 2218 1206 2254 vitasse
1246 2219 1493 2264 significetur,
1515 2230 1626 2266 quam
1648 2221 1834 2259 timuisse.

1119 2266 1282 2301 Tertiam
1318 2267 1503 2303 rationem
1535 2268 1713 2314 exprimit
1732 2268 1834 2306 idem

1074 2313 1321 2357 llyeronimus
1355 2314 1412 2350 1115
1434 2314 1555 2351 verbis
1578 2326 1585 2351 :
1614 2328 1628 2347 «
1652 2316 1831 2363 Recessit,

1071 2365 1109 2395 ut
1131 2360 1238 2397 nobis
1272 2361 1453 2407 przeberet
1485 2363 1702 2409 exemplum
1733 2364 1832 2402 ultro

1070 2409 1296 2444 tradentium
1318 2420 1357 2445 56
1385 2409 1614 2446 temeritatis.
1637 2411 1731 2455 Quia
1751 2421 1832 2450 non

1068 2466 1201 2492 omnes
1215 2457 1344 2493 cadem
1363 2458 1577 2494 constantia
1590 2463 1835 2504 perseverant.

1068 2502 1104 2585 in
1129 2504 1338 2549 tormentis,
1360 2515 1432 2551 qua
1460 2515 1499 2542 56
1523 2506 1753 2551 torquendos
1770 2506 1833 2544 of-

1081 2556 1227 2587 erunt.»

1114 2598 1336 2645 Exemplum
1360 2598 1429 2636 1106
1451 2599 1584 2636 imitati
1613 2605 1702 2637 suut
1723 2601 1836 2639 Sane·

1066 2645 1105 2688 ti,
1152 2647 1216 2692 qui
1262 2651 1300 2683 ut
1344 2647 1522 2684 adversus
1572 2653 1834 2694 persecutores

1065 2692 1229 2735 legitime
1267 2698 1468 2738 certarent,
1507 2704 1593 2731 cum
1644 2695 1691 2732 ab
1738 2696 1833 2744 ipsis

1062 2745 1341 2786 quaererentur,
1388 2741 1633 2778 declinabant
1671 2748 1707 2780 et
1751 2753 1832 2782 sese

1061 2787 1356 2826 almeondehant.
1399 2790 1491 2825 Cum
1541 2790 1644 2827 enim
1692 2790 1831 2839 (inquit

1060 2840 1212 2871 5006105
1246 2836 1491 2882 Athanasius)
1524 2838 1724 2884 praestituti
1756 2838 1829 2876 sibi

1058 2894 1079 2917 a
1099 2883 1226 2919 divina
1248 2884 1482 2930 providentia
1504 2886 1685 2932 temporis
1712 2886 1829 2924 tinem

1058 2930 1288 2975 ignorarent,
1329 2931 1509 2968 nolebant
1554 2932 1828 2971 insidiantibus

1057 2988 1095 3014 56
1117 2982 1254 3016 temere
1275 2979 1420 3016 tradere
1444 2990 1452 3016 ε
1476 2979 1540 3018 sed
1572 2984 1705 3018 contra
1737 2990 1827 3026 cum,
