1858 3146
431 180 609 211 rmzmzn
635 179 850 210 musaeus
877 171 1005 210 Aruns
1033 168 1308 210 n'smnmn.
1602 173 1651 214 21

81 272 154 302 ma
170 259 303 313 chair,
319 262 416 301 sont
433 260 506 301 des
525 259 751 300 caracteres
777 257 850 311 qui
874 263 1052 311 gravent
1076 261 1194 299 votre
1209 258 1321 299 saint
1344 271 1446 301 nom
1471 273 1542 302 sur
1554 272 1657 304 mon

81 337 201 379 corps
219 328 263 366 et
280 324 539 378 proclament
556 335 630 363 vos
648 322 857 363 victoires.
879 337 899 360 ι)
924 325 982 364 Le
1010 324 1121 375 Juge
1151 324 1346 364 ordonna
1381 324 1509 377 qu'on
1540 327 1657 368 rasAt

79 402 144 432 ses
162 390 353 431 cheveux
370 394 412 431 et
431 388 558 442 qu'on
577 388 619 428 la
638 389 796 428 trainat
814 388 1141 429 honteusement
1159 401 1231 429 sur
1250 388 1293 429 la
1310 389 1429 442 place
1451 390 1656 444 publique

79 458 198 498 toute
217 468 315 505 nne,
338 455 418 495 elle
437 453 498 494 dit
521 466 531 493 :
559 467 579 492 ιι
597 452 701 493 Bien
726 465 807 505 que
836 453 881 504 je
913 453 994 493 sois
1025 453 1353 494 honteusement
1382 455 1547 495 trainee
1577 468 1655 508 par

77 523 205 572 terre,
227 519 462 574 depouillee
482 518 534 558 de
554 530 643 558 mes
662 518 865 567 cheveuX,
887 530 971 559 nne
1001 522 1043 559 et
1075 519 1274 570 informe,
1296 519 1405 559 celui
1436 531 1544 573 pour
1575 519 1655 561 l'a-

78 598 203 628 mour
224 586 274 626 de
293 584 366 638 qui
381 584 424 636 je
445 583 599 624 souflre
619 595 673 624 ne
693 583 948 635 s'eloignera
965 584 1087 636 point
1101 584 1153 624 de
1173 584 1275 632 moi,
1291 586 1334 624 et
1353 581 1382 623 il
1402 596 1446 624 se
1466 596 1654 638 vengera

78 651 350 692 cruellement
368 661 440 689 sur
459 649 519 688 toi
537 663 558 687 J)

90 735 94 741 ·
131 717 206 757 Ces
225 716 423 767 reponses
443 716 487 754 et
504 713 687 754 d’autres
705 712 968 762 semblables,
991 713 1090 754 chez
1111 716 1218 754 cette
1249 713 1396 766 vierge
1434 714 1485 754 de
1517 715 1653 757 douze

76 791 152 822 ans
170 782 213 820 et
232 780 331 820 chez
352 779 535 819 d'autres
556 778 607 819 de
627 779 766 818 meme
786 779 881 830 age,
904 778 1195 831 provenaient,
1218 790 1429 831 personne
1462 791 1516 820 ne
1549 781 1653 833 peut

75 856 130 886 en
148 844 311 896 douter,
333 845 390 885 du
409 844 547 884 Christ
566 846 591 884 a
603 843 714 895 l’age
734 843 785 884 de
804 844 937 884 douze
956 856 1047 892 ans,
1064 844 1115 884 de
1136 844 1177 884 la
1190 844 1483 897 participation
1501 844 1553 885 de
1572 857 1651 886 son

73 910 202 964 esprit
221 913 262 950 et
282 910 335 950 de
355 921 401 950 sa
420 921 603 962 sagesse,
623 908 727 961 qu'il
746 911 915 949 montra
935 911 960 949 a
978 913 1043 950 cet
1062 910 1144 961 Age
1179 909 1282 949 dans
1300 909 1340 949 le
1357 909 1531 962 temple,
1552 913 1650 951 tan-

72 974 136 1016 dis
154 986 237 1028 que
256 978 351 1016 tous
382 975 540 1016 etaient
571 975 673 1015 dans
705 974 992 1015 l’admiration
1012 975 1063 1015 de
1095 987 1141 1014 sa
1178 975 1392 1028 prudence
1426 978 1469 1016 et
1501 975 1552 1016 de
1585 987 1650 1017 ses

73 1040 288 1093 repenses.

629 1262 782 1313 MEME
814 1269 1092 1318 DIMANCHE

783 1397 856 1438 qu
877 1397 910 1428 et
934 1396 1036 1428 Pater
1062 1397 1139 1427 tuus
1164 1394 1314 1428 dolentes
1341 1395 1577 1438 quaerebamus
1601 1397 1647 1430 te.

847 1444 954 1476 Votre
975 1444 1059 1485 pere
1074 1446 1108 1475 et
1121 1443 1204 1482 moi,
1218 1452 1311 1475 nous
1324 1452 1415 1476 vous
1434 1442 1649 1477 cherchion·

887 1491 1006 1532 pleins
1025 1491 1069 1524 de
1088 1491 1251 1523 douleur.

814 1537 995 1580 (Evanyile
1013 1537 1105 1570 selon
1125 1539 1216 1570 saint
1236 1538 1315 1570 Luc.
1335 1538 1446 1580 Chap.
1464 1547 1499 1578 11,
1522 1540 1556 1575 7.
1579 1538 1651 1581 48.)

122 1662 178 1701 Ψ
196 1661 340 1703 Pomr.
362 1683 415 1690 —
433 1660 550 1701 Celui
571 1660 643 1713 qui
662 1660 822 1700 voudra
853 1659 1092 1700 considerer
1123 1661 1303 1701 i'amour
1323 1661 1569 1713 tres-grand
1588 1660 1643 1704 do

65 1725 110 1766 la
128 1725 261 1766 sainte
280 1726 435 1779 Vierge
454 1737 602 1766 envers
620 1738 696 1766 son
709 1725 787 1775 fils,
807 1737 956 1765 amour
970 1728 1214 1778 surpassant
1230 1729 1324 1766 tout
1341 1729 1462 1767 autre
1475 1737 1644 1779 amour,

65 1791 204 1832 meme
222 1791 331 1832 celui
350 1791 422 1832 des
441 1792 572 1832 saints
591 1804 738 1832 envers
757 1791 879 1840 Dieu,
895 1791 1172 1844 comprendra
1193 1804 1291 1831 sans
1320 1804 1460 1832 aucun
1494 1792 1642 1842 doute,

67 1869 149 1910 que
168 1869 213 1898 sa
232 1856 422 1907 douleur‚
446 1858 631 1910 pendant
650 1857 709 1897 les
729 1857 831 1897 trois
845 1858 965 1908 Jours
986 1856 1138 1908 qu'elle
1153 1857 1218 1897 fut
1237 1859 1261 1896 a
1279 1856 1322 1896 la
1341 1857 1569 1899 recherche
1590 1857 1646 1899 de

67 1933 145 1963 son
165 1922 246 1974 fils,
268 1923 371 1963 etait
392 1935 473 1962 une
494 1923 672 1963 douleur
691 1922 788 1962 bien
813 1922 992 1974 grande.

121 1987 469 2038 Premierement,
491 2000 544 2028 en
565 1988 679 2039 effet,
701 1988 761 2027 les
793 1987 924 2027 saints
953 1987 1113 2027 aiment
1132 1987 1252 2037 Dieu,
1275 1999 1438 2028 comme
1470 1988 1543 2028 des
1574 1999 1646 2029 en·

66 2181 181 2210 carne
199 2182 298 2217 mea,
314 2172 446 2209 litterae
477 2177 564 2210 sunt
597 2173 733 2220 quibus
759 2183 832 2209 no·
871 2172 1064 2219 responsis
1083 2171 1178 2218 ejus,
1201 2172 1418 2218 provenisse
1444 2182 1558 2209 nemo
1577 2182 1643 2219 po-

66 2228 158 2257 men
177 2223 284 2257 tuum
303 2226 477 2258 sanctum
498 2221 602 2258 carni
624 2231 718 2258 meae
749 2220 831 2256 ins-
872 2225 941 2257 test
961 2219 1167 2266 ambigere.

66 2266 240 2313 eribitur,
269 2272 305 2305 et
349 2273 430 2305 tuas
474 2268 648 2306 victorias
692 2268 830 2315 praedi-

67 2318 170 2399 eaamt.
195 2329 209 2347 n
232 2318 325 2352 Cum
342 2316 501 2400 ¹jluberect¹
533 2328 555 2352 a
586 2315 832 2400 earniiifcibus
1221 2334 1293 2344 —

82 2371 107 2399 u
135 2372 181 2399 ex
200 2363 235 2400 ei
255 2373 298 2400 ca
327 2363 337 2399 i
371 2375 413 2400 os
438 2375 478 2400 ra
507 2364 518 2400 i
555 2368 591 2400 et
637 2375 676 2400 er
723 2374 831 2400 orum

63 2372 114 2448 lad
126 2409 290 2448 dedecus
300 2374 446 2448 gudam
459 2375 640 2458 per’ffabli),
655 2411 803 2449 dicebat
821 2422 828 2447 :
1014 2397 1197 2438 EADEM
1236 2397 1495 2438 DOMINICA

69 2470 85 2491 ι
125 2457 227 2495 Licet
254 2458 327 2495 sim
359 2459 466 2496 humi
497 2459 739 2503 inhonorata,
765 2470 831 2496 ca-

0 2512 8 2530 ³
63 2503 170 2552 pillis
200 2506 374 2553 spoliata,
394 2507 496 2543 nuda
522 2512 557 2544 et
589 2507 778 2551 informis,
800 2508 832 2543 is
1213 2497 1497 2561 Βθζῗνζξὲξζᾶξῧ
1509 2495 1644 2526 ‘'mm“

64 2556 193 2590 tamen
225 2554 335 2601 eujus
371 2565 500 2592 amore
536 2555 616 2593 haec
653 2556 789 2601 patior,
810 2567 832 2591 a
1245 2541 1260 2567 ‘¹
1463 2551 1604 2601 (numu.)

63 2609 127 2638 me
159 2611 242 2654 non
278 2602 517 2648 alienabitur,
548 2603 594 2639 de
631 2607 667 2639 te
704 2607 831 2640 autem

67 2649 326 2695 gravissimam
347 2654 470 2687 sumet
488 2651 709 2687 vindictam.
919 2651 1100 2698 Magnum
1132 2650 1247 2687 fuisse
1279 2650 1450 2686 dolorem
1476 2648 1642 2696 Virginis

90 2734 94 2738 ,
113 2694 227 2734 Porro
268 2697 348 2734 haec
380 2702 416 2734 et
454 2698 595 2734 similia
635 2708 831 2745 responsa,
873 2698 995 2736 filium
1017 2698 1243 2745 requirentis
1262 2698 1303 2732 in
1324 2697 1396 2733 hoe
1416 2696 1554 2742 triduo,
1576 2707 1640 2734 ne-

68 2743 149 2796 tum
167 2743 209 2780 in
245 2743 312 2781 illa
346 2746 491 2792 virgine
522 2745 732 2791 duodenni,
752 2751 831 2782 tum
872 2746 969 2783 mini
990 2750 1110 2793 potest
1130 2756 1212 2782 esse
1231 2744 1402 2790 dubium,
1425 2745 1489 2792 qui
1509 2745 1640 2782 consi-

66 2789 213 2828 maliis
231 2793 444 2830 consimilis
472 2794 606 2838 aetatis,
632 2805 654 2829 a
685 2793 832 2831 Christo
871 2795 1010 2831 derarit
1029 2803 1198 2830 amorem
1218 2793 1300 2838 ejus
1322 2792 1532 2829 maximum
1552 2802 1642 2839 erga

70 2833 275 2889 duodenni,
295 2841 373 2877 sive
391 2852 413 2878 a
445 2841 733 2887 participatione
752 2842 832 2888 spi·
873 2842 1010 2887 filium,
1030 2851 1184 2878 omnem
1203 2849 1372 2876 amorem
1397 2844 1641 2887 superantem

69 2886 167 2922 ritus
204 2890 241 2924 et
282 2889 474 2935 sapientiae
513 2889 608 2936 ejus,
641 2899 755 2936 quam
793 2889 833 2926 in
872 2898 1199 2937 quorumcumque
1249 2887 1364 2924 etiam
1412 2888 1640 2925 Sanctorum

70 2933 181 2984 affiatu
195 2932 263 2971 iila
280 2934 322 2972 in
342 2937 482 2983 templo
496 2936 675 2982 ostendit,
686 2937 832 2973 miran-
871 2948 958 2983 erga
974 2937 1105 2972 Deum.
1119 2935 1246 2972 Primo
1259 2934 1364 2972 enim
1376 2935 1503 2972 Sancti
1520 2935 1639 2972 Deum

71 2976 172 3015 tibus
202 2981 378 3020 omnibus
419 2994 532 3031 super
566 2985 767 3031 prudentia
798 2988 835 3021 et
871 2985 1048 3030 diligunt,
1070 2987 1109 3019 ut
1130 2982 1200 3019 filii
1218 2986 1378 3031 patrem,
1401 2983 1560 3030 Deipara
1577 2982 1640 3020 di-
