<?xml version="1.0" encoding="UTF-8"?>
<!DOCTYPE html PUBLIC "-//W3C//DTD XHTML 1.0 Transitional//EN"
    "http://www.w3.org/TR/xhtml1/DTD/xhtml1-transitional.dtd">
<html xmlns="http://www.w3.org/1999/xhtml" xml:lang="en" lang="en">
 <head>
  <title>
</title>
<meta http-equiv="Content-Type" content="text/html;charset=utf-8" />
  <meta name='ocr-system' content='tesseract 3.04.00' />
  <meta name='ocr-capabilities' content='ocr_page ocr_carea ocr_par ocr_line ocrx_word'/>
</head>
<body>
  <div class='ocr_page' id='page_1' title='image "./lerationaldespr02marc_0415.png"; bbox 0 0 1858 3146; ppageno 0'>
   <div class='ocr_carea' id='block_1_1' title="bbox 3 248 1628 1928">
    <p class='ocr_par' dir='ltr' id='par_1_1' title="bbox 3 248 1628 1928">
     <span class='ocr_line' id='line_1_1' title="bbox 52 248 1628 313; baseline -0.008 -15"><span class='ocrx_word' id='word_1_1' title='bbox 52 257 237 313; x_wconf 77' lang='lat' dir='ltr'><strong>pecheur</strong></span> <span class='ocrx_word' id='word_1_2' title='bbox 257 254 423 296; x_wconf 83' lang='lat' dir='ltr'><strong>revient</strong></span> <span class='ocrx_word' id='word_1_3' title='bbox 442 254 468 294; x_wconf 73' lang='grc'><strong>8</strong></span> <span class='ocrx_word' id='word_1_4' title='bbox 484 252 527 293; x_wconf 88' lang='grc'><strong>18</strong></span> <span class='ocrx_word' id='word_1_5' title='bbox 545 252 783 306; x_wconf 81' lang='grc'><strong>8811118888,</strong></span> <span class='ocrx_word' id='word_1_6' title='bbox 800 250 833 290; x_wconf 86' lang='grc'><strong>11</strong></span> <span class='ocrx_word' id='word_1_7' title='bbox 847 248 975 290; x_wconf 74' lang='grc' dir='ltr'><strong>8188ᾶ</strong></span> <span class='ocrx_word' id='word_1_8' title='bbox 989 260 1152 288; x_wconf 88' lang='lat' dir='ltr'><strong>comme</strong></span> <span class='ocrx_word' id='word_1_9' title='bbox 1165 260 1223 287; x_wconf 91' lang='lat' dir='ltr'><strong>un</strong></span> <span class='ocrx_word' id='word_1_10' title='bbox 1239 259 1307 287; x_wconf 85' lang='grc'><strong>388</strong></span> <span class='ocrx_word' id='word_1_11' title='bbox 1320 259 1391 287; x_wconf 89' lang='lat' dir='ltr'><strong>sur</strong></span> <span class='ocrx_word' id='word_1_12' title='bbox 1404 259 1449 286; x_wconf 86' lang='lat' dir='ltr'><strong>sa</strong></span> <span class='ocrx_word' id='word_1_13' title='bbox 1461 257 1571 300; x_wconf 87' lang='grc'><strong>8888</strong></span> <span class='ocrx_word' id='word_1_14' title='bbox 1583 250 1628 287; x_wconf 89' lang='lat' dir='ltr'><strong>et</strong></span> 
     </span>
     <span class='ocr_line' id='line_1_2' title="bbox 50 311 1620 369; baseline -0.01 -4"><span class='ocrx_word' id='word_1_15' title='bbox 50 323 84 365; x_wconf 88' lang='lat' dir='ltr'><strong>it</strong></span> <span class='ocrx_word' id='word_1_16' title='bbox 102 333 255 364; x_wconf 84' lang='lat' dir='ltr'><strong>couvre</strong></span> <span class='ocrx_word' id='word_1_17' title='bbox 274 332 320 360; x_wconf 87' lang='grc'><strong>38</strong></span> <span class='ocrx_word' id='word_1_18' title='bbox 337 320 422 360; x_wconf 75' lang='lat' dir='ltr'><strong>tete</strong></span> <span class='ocrx_word' id='word_1_19' title='bbox 443 317 494 358; x_wconf 86' lang='lat' dir='ltr'><strong>de</strong></span> <span class='ocrx_word' id='word_1_20' title='bbox 508 317 676 367; x_wconf 88' lang='lat' dir='ltr'><strong>cendre,</strong></span> <span class='ocrx_word' id='word_1_21' title='bbox 692 327 815 369; x_wconf 83' lang='grc'><strong>88188</strong></span> <span class='ocrx_word' id='word_1_22' title='bbox 830 326 912 368; x_wconf 91' lang='lat' dir='ltr'><strong>que</strong></span> <span class='ocrx_word' id='word_1_23' title='bbox 931 313 973 353; x_wconf 88' lang='lat' dir='ltr'><strong>la</strong></span> <span class='ocrx_word' id='word_1_24' title='bbox 993 312 1210 366; x_wconf 77' lang='lat' dir='ltr'><strong>penitence</strong></span> <span class='ocrx_word' id='word_1_25' title='bbox 1223 324 1376 352; x_wconf 82' lang='lat' dir='ltr'><strong>couvre</strong></span> <span class='ocrx_word' id='word_1_26' title='bbox 1395 311 1454 351; x_wconf 89' lang='lat' dir='ltr'><strong>les</strong></span> <span class='ocrx_word' id='word_1_27' title='bbox 1467 311 1620 359; x_wconf 82' lang='lat' dir='ltr'><strong>fantes,</strong></span> 
     </span>
     <span class='ocr_line' id='line_1_3' title="bbox 51 376 1624 440; baseline -0.01 -11"><span class='ocrx_word' id='word_1_28' title='bbox 51 388 104 429; x_wconf 84' lang='grc'><strong>(18</strong></span> <span class='ocrx_word' id='word_1_29' title='bbox 134 399 240 440; x_wconf 87' lang='lat' dir='ltr'><strong>peur</strong></span> <span class='ocrx_word' id='word_1_30' title='bbox 260 397 354 438; x_wconf 87' lang='lat' dir='ltr'><strong>que,</strong></span> <span class='ocrx_word' id='word_1_31' title='bbox 377 383 544 436; x_wconf 88' lang='lat' dir='ltr'><strong>lorsque</strong></span> <span class='ocrx_word' id='word_1_32' title='bbox 577 394 684 423; x_wconf 87' lang='lat' dir='ltr'><strong>nous</strong></span> <span class='ocrx_word' id='word_1_33' title='bbox 714 380 921 420; x_wconf 87' lang='lat' dir='ltr'><strong>rendrons</strong></span> <span class='ocrx_word' id='word_1_34' title='bbox 952 391 1011 418; x_wconf 90' lang='lat' dir='ltr'><strong>un</strong></span> <span class='ocrx_word' id='word_1_35' title='bbox 1043 380 1208 430; x_wconf 86' lang='lat' dir='ltr'><strong>compte</strong></span> <span class='ocrx_word' id='word_1_36' title='bbox 1240 378 1383 416; x_wconf 78' lang='lat' dir='ltr'><strong>severe</strong></span> <span class='ocrx_word' id='word_1_37' title='bbox 1413 376 1464 415; x_wconf 89' lang='lat' dir='ltr'><strong>de</strong></span> <span class='ocrx_word' id='word_1_38' title='bbox 1498 378 1624 416; x_wconf 86' lang='lat' dir='ltr'><strong>notre</strong></span> 
     </span>
     <span class='ocr_line' id='line_1_4' title="bbox 49 440 1617 502; baseline -0.01 -9"><span class='ocrx_word' id='word_1_39' title='bbox 49 453 133 502; x_wconf 87' lang='lat' dir='ltr'><strong>vie,</strong></span> <span class='ocrx_word' id='word_1_40' title='bbox 154 452 193 492; x_wconf 89' lang='grc'><strong>18</strong></span> <span class='ocrx_word' id='word_1_41' title='bbox 214 449 446 492; x_wconf 78' lang='lat' dir='ltr'><strong>Souverain</strong></span> <span class='ocrx_word' id='word_1_42' title='bbox 463 448 485 488; x_wconf 87' lang='lat' dir='ltr'><strong>J</strong></span> <span class='ocrx_word' id='word_1_43' title='bbox 491 460 514 487; x_wconf 94' lang='lat' dir='ltr'><strong>u</strong></span> <span class='ocrx_word' id='word_1_44' title='bbox 522 459 574 500; x_wconf 85' lang='lat' dir='ltr'><strong>ge</strong></span> <span class='ocrx_word' id='word_1_45' title='bbox 594 459 647 487; x_wconf 89' lang='grc'><strong>88</strong></span> <span class='ocrx_word' id='word_1_46' title='bbox 666 447 725 486; x_wconf 92' lang='grc'><strong>183</strong></span> <span class='ocrx_word' id='word_1_47' title='bbox 739 445 829 485; x_wconf 85' lang='lat' dir='ltr'><strong>voie</strong></span> <span class='ocrx_word' id='word_1_48' title='bbox 847 456 956 497; x_wconf 88' lang='lat' dir='ltr'><strong>pour</strong></span> <span class='ocrx_word' id='word_1_49' title='bbox 975 455 1028 483; x_wconf 91' lang='grc'><strong>88</strong></span> <span class='ocrx_word' id='word_1_50' title='bbox 1048 443 1150 483; x_wconf 85' lang='lat' dir='ltr'><strong>tirer</strong></span> <span class='ocrx_word' id='word_1_51' title='bbox 1164 452 1448 493; x_wconf 85' lang='lat' dir='ltr'><strong>veugeance.»</strong></span> <span class='ocrx_word' id='word_1_52' title='bbox 1468 440 1617 491; x_wconf 84' lang='lat' dir='ltr'><strong>David,</strong></span> 
     </span>
     <span class='ocr_line' id='line_1_5' title="bbox 48 504 1624 570; baseline -0.008 -12"><span class='ocrx_word' id='word_1_53' title='bbox 48 519 172 570; x_wconf 79' lang='lat' dir='ltr'><strong>apres</strong></span> <span class='ocrx_word' id='word_1_54' title='bbox 190 529 265 556; x_wconf 88' lang='lat' dir='ltr'><strong>son</strong></span> <span class='ocrx_word' id='word_1_55' title='bbox 285 514 489 562; x_wconf 73' lang='lat' dir='ltr'><strong>adultere,</strong></span> <span class='ocrx_word' id='word_1_56' title='bbox 507 514 666 564; x_wconf 86' lang='lat' dir='ltr'><strong>voyant</strong></span> <span class='ocrx_word' id='word_1_57' title='bbox 680 523 756 551; x_wconf 86' lang='lat' dir='ltr'><strong>son</strong></span> <span class='ocrx_word' id='word_1_58' title='bbox 769 510 835 550; x_wconf 89' lang='lat' dir='ltr'><strong>fils</strong></span> <span class='ocrx_word' id='word_1_59' title='bbox 849 522 901 549; x_wconf 91' lang='grc'><strong>88</strong></span> <span class='ocrx_word' id='word_1_60' title='bbox 924 509 1086 560; x_wconf 83' lang='lat' dir='ltr'><strong>danger</strong></span> <span class='ocrx_word' id='word_1_61' title='bbox 1105 507 1157 546; x_wconf 88' lang='lat' dir='ltr'><strong>de</strong></span> <span class='ocrx_word' id='word_1_62' title='bbox 1176 509 1288 546; x_wconf 88' lang='lat' dir='ltr'><strong>mort</strong></span> <span class='ocrx_word' id='word_1_63' title='bbox 1308 505 1383 545; x_wconf 85' lang='lat' dir='ltr'><strong>fait</strong></span> <span class='ocrx_word' id='word_1_64' title='bbox 1403 504 1624 557; x_wconf 81' lang='grc'><strong>888118888</strong></span> 
     </span>
     <span class='ocr_line' id='line_1_6' title="bbox 48 569 1621 635; baseline -0.01 -12"><span class='ocrx_word' id='word_1_65' title='bbox 48 594 102 623; x_wconf 83' lang='lat' dir='ltr'><strong>en</strong></span> <span class='ocrx_word' id='word_1_66' title='bbox 122 584 292 635; x_wconf 84' lang='lat' dir='ltr'><strong>portant</strong></span> <span class='ocrx_word' id='word_1_67' title='bbox 310 580 346 620; x_wconf 90' lang='grc'><strong>18</strong></span> <span class='ocrx_word' id='word_1_68' title='bbox 367 578 480 618; x_wconf 83' lang='grc'><strong>811188</strong></span> <span class='ocrx_word' id='word_1_69' title='bbox 501 581 543 617; x_wconf 90' lang='grc'><strong>81</strong></span> <span class='ocrx_word' id='word_1_70' title='bbox 560 589 611 616; x_wconf 88' lang='grc'><strong>88</strong></span> <span class='ocrx_word' id='word_1_71' title='bbox 629 577 823 628; x_wconf 75' lang='lat' dir='ltr'><strong>jeunant,</strong></span> <span class='ocrx_word' id='word_1_72' title='bbox 849 587 894 614; x_wconf 92' lang='lat' dir='ltr'><strong>ce</strong></span> <span class='ocrx_word' id='word_1_73' title='bbox 918 574 991 626; x_wconf 90' lang='lat' dir='ltr'><strong>qui</strong></span> <span class='ocrx_word' id='word_1_74' title='bbox 1012 573 1072 613; x_wconf 86' lang='lat' dir='ltr'><strong>lui</strong></span> <span class='ocrx_word' id='word_1_75' title='bbox 1106 572 1182 612; x_wconf 84' lang='lat' dir='ltr'><strong>fait</strong></span> <span class='ocrx_word' id='word_1_76' title='bbox 1217 571 1306 611; x_wconf 91' lang='lat' dir='ltr'><strong>dire</strong></span> <span class='ocrx_word' id='word_1_77' title='bbox 1338 582 1404 610; x_wconf 85' lang='lat' dir='ltr'><strong>ces</strong></span> <span class='ocrx_word' id='word_1_78' title='bbox 1424 569 1589 622; x_wconf 84' lang='lat' dir='ltr'><strong>paroles</strong></span> <span class='ocrx_word' id='word_1_79' title='bbox 1611 581 1621 609; x_wconf 89' lang='lat'>:</span> 
     </span>
     <span class='ocr_line' id='line_1_7' title="bbox 55 635 1624 697; baseline -0.008 -10"><span class='ocrx_word' id='word_1_80' title='bbox 55 662 76 687; x_wconf 71' lang='lat' dir='ltr'><strong>a</strong></span> <span class='ocrx_word' id='word_1_81' title='bbox 94 649 143 688; x_wconf 87' lang='lat' dir='ltr'><strong>Je</strong></span> <span class='ocrx_word' id='word_1_82' title='bbox 162 645 376 697; x_wconf 79' lang='lat' dir='ltr'><strong>mangeais</strong></span> <span class='ocrx_word' id='word_1_83' title='bbox 394 643 437 682; x_wconf 89' lang='grc'><strong>18</strong></span> <span class='ocrx_word' id='word_1_84' title='bbox 462 643 614 682; x_wconf 89' lang='lat' dir='ltr'><strong>cendre</strong></span> <span class='ocrx_word' id='word_1_85' title='bbox 634 653 795 682; x_wconf 90' lang='lat' dir='ltr'><strong>comme</strong></span> <span class='ocrx_word' id='word_1_86' title='bbox 816 640 854 679; x_wconf 92' lang='grc'><strong>18</strong></span> <span class='ocrx_word' id='word_1_87' title='bbox 887 639 1004 692; x_wconf 86' lang='grc'><strong>8818,</strong></span> <span class='ocrx_word' id='word_1_88' title='bbox 1027 641 1069 678; x_wconf 89' lang='grc'><strong>81</strong></span> <span class='ocrx_word' id='word_1_89' title='bbox 1096 638 1141 690; x_wconf 86' lang='lat' dir='ltr'><strong>je</strong></span> <span class='ocrx_word' id='word_1_90' title='bbox 1173 636 1320 676; x_wconf 82' lang='grc'><strong>8181813</strong></span> <span class='ocrx_word' id='word_1_91' title='bbox 1352 647 1440 675; x_wconf 89' lang='lat' dir='ltr'><strong>mes</strong></span> <span class='ocrx_word' id='word_1_92' title='bbox 1471 635 1624 674; x_wconf 83' lang='lat' dir='ltr'><strong>larmes</strong></span> 
     </span>
     <span class='ocr_line' id='line_1_8' title="bbox 47 699 1624 763; baseline -0.009 -11"><span class='ocrx_word' id='word_1_93' title='bbox 47 723 150 752; x_wconf 78' lang='lat' dir='ltr'><strong>avec</strong></span> <span class='ocrx_word' id='word_1_94' title='bbox 169 723 214 751; x_wconf 91' lang='grc'><strong>88</strong></span> <span class='ocrx_word' id='word_1_95' title='bbox 239 721 320 763; x_wconf 80' lang='lat' dir='ltr'><strong>que</strong></span> <span class='ocrx_word' id='word_1_96' title='bbox 346 709 390 760; x_wconf 88' lang='lat' dir='ltr'><strong>je</strong></span> <span class='ocrx_word' id='word_1_97' title='bbox 415 708 577 747; x_wconf 86' lang='lat' dir='ltr'><strong>buvais.</strong></span> <span class='ocrx_word' id='word_1_98' title='bbox 600 723 620 743; x_wconf 89' lang='lat'>»</span> <span class='ocrx_word' id='word_1_99' title='bbox 653 705 935 753; x_wconf 58' lang='lat' dir='ltr'><strong>Uest-adire,</strong></span> <span class='ocrx_word' id='word_1_100' title='bbox 956 704 988 743; x_wconf 93' lang='grc'><strong>11</strong></span> <span class='ocrx_word' id='word_1_101' title='bbox 1022 702 1218 743; x_wconf 83' lang='lat' dir='ltr'><strong>m&#39;arrive</strong></span> <span class='ocrx_word' id='word_1_102' title='bbox 1249 713 1294 740; x_wconf 91' lang='lat' dir='ltr'><strong>ce</strong></span> <span class='ocrx_word' id='word_1_103' title='bbox 1327 700 1399 753; x_wconf 90' lang='lat' dir='ltr'><strong>qui</strong></span> <span class='ocrx_word' id='word_1_104' title='bbox 1430 699 1568 739; x_wconf 82' lang='lat' dir='ltr'><strong>arrivc</strong></span> <span class='ocrx_word' id='word_1_105' title='bbox 1598 700 1624 739; x_wconf 75' lang='grc'><strong>8</strong></span> 
     </span>
     <span class='ocr_line' id='line_1_9' title="bbox 48 764 1622 827; baseline -0.009 -10"><span class='ocrx_word' id='word_1_106' title='bbox 48 779 145 817; x_wconf 81' lang='lat' dir='ltr'><strong>tous</strong></span> <span class='ocrx_word' id='word_1_107' title='bbox 165 788 269 816; x_wconf 84' lang='lat' dir='ltr'><strong>ceux</strong></span> <span class='ocrx_word' id='word_1_108' title='bbox 289 775 374 827; x_wconf 88' lang='lat' dir='ltr'><strong>qui,</strong></span> <span class='ocrx_word' id='word_1_109' title='bbox 398 774 500 812; x_wconf 80' lang='lat' dir='ltr'><strong>dans</strong></span> <span class='ocrx_word' id='word_1_110' title='bbox 520 773 560 812; x_wconf 89' lang='grc'><strong>18</strong></span> <span class='ocrx_word' id='word_1_111' title='bbox 579 773 768 812; x_wconf 82' lang='lat' dir='ltr'><strong>tristesse</strong></span> <span class='ocrx_word' id='word_1_112' title='bbox 789 773 831 810; x_wconf 86' lang='grc'><strong>81</strong></span> <span class='ocrx_word' id='word_1_113' title='bbox 849 770 888 810; x_wconf 93' lang='grc'><strong>18</strong></span> <span class='ocrx_word' id='word_1_114' title='bbox 910 770 1039 818; x_wconf 86' lang='lat' dir='ltr'><strong>deuil‚</strong></span> <span class='ocrx_word' id='word_1_115' title='bbox 1061 780 1102 808; x_wconf 86' lang='lat' dir='ltr'><strong>se</strong></span> <span class='ocrx_word' id='word_1_116' title='bbox 1123 769 1301 807; x_wconf 83' lang='grc'><strong>18811881</strong></span> <span class='ocrx_word' id='word_1_117' title='bbox 1321 766 1422 806; x_wconf 80' lang='lat' dir='ltr'><strong>dans</strong></span> <span class='ocrx_word' id='word_1_118' title='bbox 1453 764 1495 804; x_wconf 88' lang='lat' dir='ltr'><strong>la</strong></span> <span class='ocrx_word' id='word_1_119' title='bbox 1525 776 1622 804; x_wconf 88' lang='lat' dir='ltr'><strong>cen-</strong></span> 
     </span>
     <span class='ocr_line' id='line_1_10' title="bbox 49 829 1618 892; baseline -0.008 -11"><span class='ocrx_word' id='word_1_120' title='bbox 49 842 139 891; x_wconf 89' lang='lat' dir='ltr'><strong>dre,</strong></span> <span class='ocrx_word' id='word_1_121' title='bbox 154 841 246 880; x_wconf 88' lang='lat' dir='ltr'><strong>leur</strong></span> <span class='ocrx_word' id='word_1_122' title='bbox 265 839 364 892; x_wconf 82' lang='lat' dir='ltr'><strong>pain</strong></span> <span class='ocrx_word' id='word_1_123' title='bbox 386 841 428 878; x_wconf 84' lang='lat' dir='ltr'><strong>ct</strong></span> <span class='ocrx_word' id='word_1_124' title='bbox 447 838 541 877; x_wconf 88' lang='lat' dir='ltr'><strong>leur</strong></span> <span class='ocrx_word' id='word_1_125' title='bbox 560 837 803 877; x_wconf 81' lang='lat' dir='ltr'><strong>nourriture</strong></span> <span class='ocrx_word' id='word_1_126' title='bbox 826 838 922 875; x_wconf 87' lang='lat' dir='ltr'><strong>sont</strong></span> <span class='ocrx_word' id='word_1_127' title='bbox 940 837 1074 874; x_wconf 82' lang='lat' dir='ltr'><strong>semes</strong></span> <span class='ocrx_word' id='word_1_128' title='bbox 1094 836 1136 873; x_wconf 89' lang='grc'><strong>81</strong></span> <span class='ocrx_word' id='word_1_129' title='bbox 1150 832 1368 884; x_wconf 79' lang='lat' dir='ltr'><strong>melanges</strong></span> <span class='ocrx_word' id='word_1_130' title='bbox 1387 830 1437 870; x_wconf 85' lang='grc'><strong>(18</strong></span> <span class='ocrx_word' id='word_1_131' title='bbox 1452 829 1618 870; x_wconf 82' lang='grc'><strong>888(11·8.</strong></span> 
     </span>
     <span class='ocr_line' id='line_1_11' title="bbox 50 894 1620 954; baseline -0.008 -8"><span class='ocrx_word' id='word_1_132' title='bbox 50 906 113 947; x_wconf 87' lang='grc'><strong>08</strong></span> <span class='ocrx_word' id='word_1_133' title='bbox 133 905 245 954; x_wconf 91' lang='lat' dir='ltr'><strong>bien,</strong></span> <span class='ocrx_word' id='word_1_134' title='bbox 267 904 301 943; x_wconf 87' lang='lat' dir='ltr'><strong>si</strong></span> <span class='ocrx_word' id='word_1_135' title='bbox 321 915 376 943; x_wconf 89' lang='lat' dir='ltr'><strong>on</strong></span> <span class='ocrx_word' id='word_1_136' title='bbox 396 903 535 942; x_wconf 89' lang='lat' dir='ltr'><strong>donne</strong></span> <span class='ocrx_word' id='word_1_137' title='bbox 565 904 589 940; x_wconf 73' lang='lat' dir='ltr'><strong>a</strong></span> <span class='ocrx_word' id='word_1_138' title='bbox 621 914 686 941; x_wconf 88' lang='grc'><strong>883</strong></span> <span class='ocrx_word' id='word_1_139' title='bbox 720 901 884 953; x_wconf 80' lang='grc'><strong>8810183</strong></span> <span class='ocrx_word' id='word_1_140' title='bbox 917 913 973 939; x_wconf 87' lang='grc'><strong>88</strong></span> <span class='ocrx_word' id='word_1_141' title='bbox 1005 911 1100 939; x_wconf 87' lang='grc'><strong>3883</strong></span> <span class='ocrx_word' id='word_1_142' title='bbox 1132 896 1338 951; x_wconf 85' lang='lat' dir='ltr'><strong>spirituel,</strong></span> <span class='ocrx_word' id='word_1_143' title='bbox 1361 895 1462 936; x_wconf 84' lang='lat' dir='ltr'><strong>elles</strong></span> <span class='ocrx_word' id='word_1_144' title='bbox 1482 898 1557 935; x_wconf 84' lang='lat' dir='ltr'><strong>ont</strong></span> <span class='ocrx_word' id='word_1_145' title='bbox 1581 894 1620 935; x_wconf 88' lang='grc'><strong>18</strong></span> 
     </span>
     <span class='ocr_line' id='line_1_12' title="bbox 47 960 1617 1021; baseline -0.008 -10"><span class='ocrx_word' id='word_1_146' title='bbox 47 971 184 1012; x_wconf 68' lang='lat' dir='ltr'><strong>meme</strong></span> <span class='ocrx_word' id='word_1_147' title='bbox 204 982 298 1009; x_wconf 84' lang='lat' dir='ltr'><strong>sens</strong></span> <span class='ocrx_word' id='word_1_148' title='bbox 317 981 399 1021; x_wconf 90' lang='lat' dir='ltr'><strong>que</strong></span> <span class='ocrx_word' id='word_1_149' title='bbox 420 968 454 1007; x_wconf 92' lang='lat' dir='ltr'><strong>si</strong></span> <span class='ocrx_word' id='word_1_150' title='bbox 474 967 606 1007; x_wconf 86' lang='lat' dir='ltr'><strong>David</strong></span> <span class='ocrx_word' id='word_1_151' title='bbox 624 967 748 1006; x_wconf 87' lang='grc'><strong>(113811</strong></span> <span class='ocrx_word' id='word_1_152' title='bbox 772 979 780 1006; x_wconf 91' lang='grc'>;</span> <span class='ocrx_word' id='word_1_153' title='bbox 804 968 860 1006; x_wconf 87' lang='lat' dir='ltr'><strong>Le</strong></span> <span class='ocrx_word' id='word_1_154' title='bbox 881 966 1077 1005; x_wconf 88' lang='lat' dir='ltr'><strong>souvenir</strong></span> <span class='ocrx_word' id='word_1_155' title='bbox 1096 964 1149 1004; x_wconf 91' lang='lat' dir='ltr'><strong>de</strong></span> <span class='ocrx_word' id='word_1_156' title='bbox 1171 975 1271 1002; x_wconf 89' lang='lat' dir='ltr'><strong>mon</strong></span> <span class='ocrx_word' id='word_1_157' title='bbox 1304 961 1433 1015; x_wconf 76' lang='lat' dir='ltr'><strong>peche</strong></span> <span class='ocrx_word' id='word_1_158' title='bbox 1455 973 1523 1000; x_wconf 90' lang='lat' dir='ltr'><strong>me</strong></span> <span class='ocrx_word' id='word_1_159' title='bbox 1543 960 1617 1000; x_wconf 78' lang='grc'><strong>(18-</strong></span> 
     </span>
     <span class='ocr_line' id='line_1_13' title="bbox 46 1025 1621 1088; baseline -0.006 -13"><span class='ocrx_word' id='word_1_160' title='bbox 46 1035 213 1088; x_wconf 84' lang='grc'><strong>81813811</strong></span> <span class='ocrx_word' id='word_1_161' title='bbox 233 1038 381 1074; x_wconf 84' lang='grc'><strong>881881</strong></span> <span class='ocrx_word' id='word_1_162' title='bbox 402 1045 483 1085; x_wconf 88' lang='lat' dir='ltr'><strong>que</strong></span> <span class='ocrx_word' id='word_1_163' title='bbox 502 1033 540 1072; x_wconf 94' lang='grc'><strong>18</strong></span> <span class='ocrx_word' id='word_1_164' title='bbox 561 1032 659 1084; x_wconf 83' lang='grc'><strong>8818</strong></span> <span class='ocrx_word' id='word_1_165' title='bbox 682 1032 757 1071; x_wconf 82' lang='lat' dir='ltr'><strong>fait</strong></span> <span class='ocrx_word' id='word_1_166' title='bbox 777 1043 877 1071; x_wconf 86' lang='lat' dir='ltr'><strong>avec</strong></span> <span class='ocrx_word' id='word_1_167' title='bbox 898 1031 949 1070; x_wconf 91' lang='lat' dir='ltr'><strong>de</strong></span> <span class='ocrx_word' id='word_1_168' title='bbox 971 1030 1010 1069; x_wconf 87' lang='grc'><strong>18</strong></span> <span class='ocrx_word' id='word_1_169' title='bbox 1030 1029 1199 1077; x_wconf 86' lang='lat' dir='ltr'><strong>cendre,</strong></span> <span class='ocrx_word' id='word_1_170' title='bbox 1221 1032 1263 1068; x_wconf 86' lang='lat' dir='ltr'><strong>et</strong></span> <span class='ocrx_word' id='word_1_171' title='bbox 1279 1028 1322 1079; x_wconf 90' lang='lat' dir='ltr'><strong>je</strong></span> <span class='ocrx_word' id='word_1_172' title='bbox 1343 1026 1382 1066; x_wconf 91' lang='grc'><strong>18</strong></span> <span class='ocrx_word' id='word_1_173' title='bbox 1416 1025 1621 1077; x_wconf 80' lang='lat' dir='ltr'><strong>repassais</strong></span> 
     </span>
     <span class='ocr_line' id='line_1_14' title="bbox 43 1091 1616 1150; baseline -0.008 -8"><span class='ocrx_word' id='word_1_174' title='bbox 43 1112 147 1142; x_wconf 77' lang='lat' dir='ltr'><strong>avec</strong></span> <span class='ocrx_word' id='word_1_175' title='bbox 182 1102 432 1140; x_wconf 85' lang='lat' dir='ltr'><strong>amertume.</strong></span> <span class='ocrx_word' id='word_1_176' title='bbox 473 1100 658 1150; x_wconf 88' lang='lat' dir='ltr'><strong>Lorsque</strong></span> <span class='ocrx_word' id='word_1_177' title='bbox 691 1098 833 1146; x_wconf 80' lang='lat' dir='ltr'><strong>Mo&#39;ise,</strong></span> <span class='ocrx_word' id='word_1_178' title='bbox 857 1099 882 1135; x_wconf 75' lang='lat' dir='ltr'><strong>a</strong></span> <span class='ocrx_word' id='word_1_179' title='bbox 914 1109 956 1134; x_wconf 87' lang='lat' dir='ltr'><strong>sa</strong></span> <span class='ocrx_word' id='word_1_180' title='bbox 996 1096 1190 1134; x_wconf 87' lang='lat' dir='ltr'><strong>descente</strong></span> <span class='ocrx_word' id='word_1_181' title='bbox 1228 1093 1283 1132; x_wconf 87' lang='lat' dir='ltr'><strong>du</strong></span> <span class='ocrx_word' id='word_1_182' title='bbox 1325 1094 1442 1131; x_wconf 81' lang='lat' dir='ltr'><strong>mont</strong></span> <span class='ocrx_word' id='word_1_183' title='bbox 1481 1091 1616 1140; x_wconf 77' lang='lat' dir='ltr'><strong>Sinai,</strong></span> 
     </span>
     <span class='ocr_line' id='line_1_15' title="bbox 3 1155 1618 1218; baseline -0.006 -13"><span class='ocrx_word' id='word_1_184' title='bbox 3 1191 6 1194; x_wconf 66' lang='grc'><em>»</em></span> <span class='ocrx_word' id='word_1_185' title='bbox 44 1164 291 1218; x_wconf 79' lang='grc'><strong>88810811811</strong></span> <span class='ocrx_word' id='word_1_186' title='bbox 307 1164 364 1204; x_wconf 86' lang='grc'><strong>(18</strong></span> <span class='ocrx_word' id='word_1_187' title='bbox 384 1175 502 1215; x_wconf 82' lang='lat' dir='ltr'><strong>camp</strong></span> <span class='ocrx_word' id='word_1_188' title='bbox 523 1162 594 1202; x_wconf 90' lang='lat' dir='ltr'><strong>des</strong></span> <span class='ocrx_word' id='word_1_189' title='bbox 612 1162 823 1209; x_wconf 80' lang='lat' dir='ltr'><strong>Hebreux‚</strong></span> <span class='ocrx_word' id='word_1_190' title='bbox 846 1164 1016 1214; x_wconf 81' lang='lat' dir='ltr'><strong>portant</strong></span> <span class='ocrx_word' id='word_1_191' title='bbox 1048 1172 1148 1200; x_wconf 82' lang='lat' dir='ltr'><strong>avec</strong></span> <span class='ocrx_word' id='word_1_192' title='bbox 1182 1158 1242 1198; x_wconf 85' lang='lat' dir='ltr'><strong>lui</strong></span> <span class='ocrx_word' id='word_1_193' title='bbox 1273 1158 1333 1197; x_wconf 86' lang='lat' dir='ltr'><strong>les</strong></span> <span class='ocrx_word' id='word_1_194' title='bbox 1352 1157 1464 1197; x_wconf 83' lang='lat' dir='ltr'><strong>deux</strong></span> <span class='ocrx_word' id='word_1_195' title='bbox 1484 1155 1618 1196; x_wconf 86' lang='lat' dir='ltr'><strong>tables</strong></span> 
     </span>
     <span class='ocr_line' id='line_1_16' title="bbox 46 1223 1619 1277; baseline -0.006 -6"><span class='ocrx_word' id='word_1_196' title='bbox 46 1230 100 1271; x_wconf 78' lang='lat' dir='ltr'><strong>de</strong></span> <span class='ocrx_word' id='word_1_197' title='bbox 118 1229 339 1277; x_wconf 81' lang='lat' dir='ltr'><strong>l’allianee,</strong></span> <span class='ocrx_word' id='word_1_198' title='bbox 364 1228 392 1267; x_wconf 95' lang='grc'><strong>11</strong></span> <span class='ocrx_word' id='word_1_199' title='bbox 421 1229 482 1268; x_wconf 89' lang='lat' dir='ltr'><strong>vit</strong></span> <span class='ocrx_word' id='word_1_200' title='bbox 508 1241 566 1267; x_wconf 90' lang='lat' dir='ltr'><strong>un</strong></span> <span class='ocrx_word' id='word_1_201' title='bbox 598 1239 705 1267; x_wconf 82' lang='lat' dir='ltr'><strong>veau</strong></span> <span class='ocrx_word' id='word_1_202' title='bbox 738 1227 828 1266; x_wconf 87' lang='lat' dir='ltr'><strong>d’or</strong></span> <span class='ocrx_word' id='word_1_203' title='bbox 860 1230 901 1266; x_wconf 86' lang='lat' dir='ltr'><strong>et</strong></span> <span class='ocrx_word' id='word_1_204' title='bbox 934 1227 1006 1266; x_wconf 83' lang='lat' dir='ltr'><strong>des</strong></span> <span class='ocrx_word' id='word_1_205' title='bbox 1039 1226 1204 1275; x_wconf 89' lang='grc'><strong>(188383,</strong></span> <span class='ocrx_word' id='word_1_206' title='bbox 1227 1223 1331 1263; x_wconf 90' lang='grc'><strong>(1883</strong></span> <span class='ocrx_word' id='word_1_207' title='bbox 1363 1234 1418 1262; x_wconf 90' lang='grc'><strong>88</strong></span> <span class='ocrx_word' id='word_1_208' title='bbox 1451 1234 1619 1262; x_wconf 90' lang='lat' dir='ltr'><strong>mouve-</strong></span> 
     </span>
     <span class='ocr_line' id='line_1_17' title="bbox 44 1287 1614 1335; baseline -0.005 0"><span class='ocrx_word' id='word_1_209' title='bbox 44 1298 164 1335; x_wconf 85' lang='lat' dir='ltr'><strong>ment</strong></span> <span class='ocrx_word' id='word_1_210' title='bbox 182 1295 232 1335; x_wconf 87' lang='lat' dir='ltr'><strong>de</strong></span> <span class='ocrx_word' id='word_1_211' title='bbox 252 1295 388 1334; x_wconf 78' lang='lat' dir='ltr'><strong>colere</strong></span> <span class='ocrx_word' id='word_1_212' title='bbox 406 1294 438 1333; x_wconf 91' lang='lat' dir='ltr'><strong>il</strong></span> <span class='ocrx_word' id='word_1_213' title='bbox 455 1293 579 1332; x_wconf 87' lang='lat' dir='ltr'><strong>laissa</strong></span> <span class='ocrx_word' id='word_1_214' title='bbox 599 1293 761 1332; x_wconf 86' lang='lat' dir='ltr'><strong>tomber</strong></span> <span class='ocrx_word' id='word_1_215' title='bbox 781 1292 830 1331; x_wconf 90' lang='lat' dir='ltr'><strong>de</strong></span> <span class='ocrx_word' id='word_1_216' title='bbox 853 1305 897 1331; x_wconf 84' lang='lat' dir='ltr'><strong>sa</strong></span> <span class='ocrx_word' id='word_1_217' title='bbox 918 1291 1033 1331; x_wconf 83' lang='lat' dir='ltr'><strong>main</strong></span> <span class='ocrx_word' id='word_1_218' title='bbox 1054 1290 1114 1330; x_wconf 88' lang='grc'><strong>183</strong></span> <span class='ocrx_word' id='word_1_219' title='bbox 1135 1289 1267 1330; x_wconf 80' lang='grc'><strong>1811183</strong></span> <span class='ocrx_word' id='word_1_220' title='bbox 1288 1291 1330 1328; x_wconf 88' lang='grc'><strong>81</strong></span> <span class='ocrx_word' id='word_1_221' title='bbox 1349 1287 1408 1327; x_wconf 87' lang='grc'><strong>183</strong></span> <span class='ocrx_word' id='word_1_222' title='bbox 1427 1287 1539 1326; x_wconf 81' lang='lat' dir='ltr'><strong>brisa</strong></span> <span class='ocrx_word' id='word_1_223' title='bbox 1560 1299 1614 1327; x_wconf 90' lang='grc'><strong>88</strong></span> 
     </span>
     <span class='ocr_line' id='line_1_18' title="bbox 43 1348 1618 1413; baseline -0.006 -13"><span class='ocrx_word' id='word_1_224' title='bbox 43 1359 143 1413; x_wconf 86' lang='lat' dir='ltr'><strong>pied</strong></span> <span class='ocrx_word' id='word_1_225' title='bbox 162 1360 213 1400; x_wconf 87' lang='grc'><strong>(18</strong></span> <span class='ocrx_word' id='word_1_226' title='bbox 234 1360 273 1399; x_wconf 91' lang='grc'><strong>18</strong></span> <span class='ocrx_word' id='word_1_227' title='bbox 295 1348 538 1410; x_wconf 75' lang='lat' dir='ltr'><strong>montagne,</strong></span> <span class='ocrx_word' id='word_1_228' title='bbox 560 1358 668 1410; x_wconf 90' lang='lat' dir='ltr'><strong>puis,</strong></span> <span class='ocrx_word' id='word_1_229' title='bbox 691 1357 947 1410; x_wconf 85' lang='lat' dir='ltr'><strong>s’emparant</strong></span> <span class='ocrx_word' id='word_1_230' title='bbox 967 1356 1022 1395; x_wconf 89' lang='lat' dir='ltr'><strong>du</strong></span> <span class='ocrx_word' id='word_1_231' title='bbox 1044 1368 1150 1395; x_wconf 87' lang='lat' dir='ltr'><strong>veau</strong></span> <span class='ocrx_word' id='word_1_232' title='bbox 1171 1354 1261 1394; x_wconf 86' lang='lat' dir='ltr'><strong>d&#39;or</strong></span> <span class='ocrx_word' id='word_1_233' title='bbox 1292 1353 1415 1406; x_wconf 86' lang='lat' dir='ltr'><strong>qu&#39;ils</strong></span> <span class='ocrx_word' id='word_1_234' title='bbox 1447 1352 1618 1391; x_wconf 81' lang='lat' dir='ltr'><strong>avaient</strong></span> 
     </span>
     <span class='ocr_line' id='line_1_19' title="bbox 44 1417 1616 1476; baseline -0.006 -11"><span class='ocrx_word' id='word_1_235' title='bbox 44 1424 135 1476; x_wconf 78' lang='lat' dir='ltr'><strong>fait,</strong></span> <span class='ocrx_word' id='word_1_236' title='bbox 158 1425 187 1464; x_wconf 89' lang='lat' dir='ltr'><strong>it</strong></span> <span class='ocrx_word' id='word_1_237' title='bbox 206 1425 244 1464; x_wconf 90' lang='grc'><strong>18</strong></span> <span class='ocrx_word' id='word_1_238' title='bbox 265 1425 386 1464; x_wconf 64' lang='lat' dir='ltr'><strong>brixia</strong></span> <span class='ocrx_word' id='word_1_239' title='bbox 416 1429 456 1464; x_wconf 87' lang='grc'><strong>81</strong></span> <span class='ocrx_word' id='word_1_240' title='bbox 485 1424 523 1463; x_wconf 90' lang='grc'><strong>18</strong></span> <span class='ocrx_word' id='word_1_241' title='bbox 555 1423 731 1462; x_wconf 84' lang='lat' dir='ltr'><strong>reduisit</strong></span> <span class='ocrx_word' id='word_1_242' title='bbox 760 1435 810 1462; x_wconf 87' lang='lat' dir='ltr'><strong>en</strong></span> <span class='ocrx_word' id='word_1_243' title='bbox 838 1421 1013 1474; x_wconf 82' lang='lat' dir='ltr'><strong>pondre,</strong></span> <span class='ocrx_word' id='word_1_244' title='bbox 1051 1424 1091 1460; x_wconf 89' lang='grc'><strong>81</strong></span> <span class='ocrx_word' id='word_1_245' title='bbox 1121 1422 1251 1472; x_wconf 82' lang='lat' dir='ltr'><strong>ayant</strong></span> <span class='ocrx_word' id='word_1_246' title='bbox 1287 1417 1477 1470; x_wconf 81' lang='lat' dir='ltr'><strong>repanda</strong></span> <span class='ocrx_word' id='word_1_247' title='bbox 1508 1419 1616 1456; x_wconf 87' lang='grc'><strong>88118</strong></span> 
     </span>
     <span class='ocr_line' id='line_1_20' title="bbox 43 1481 1615 1543; baseline -0.006 -13"><span class='ocrx_word' id='word_1_248' title='bbox 43 1490 206 1543; x_wconf 84' lang='lat' dir='ltr'><strong>pondre</strong></span> <span class='ocrx_word' id='word_1_249' title='bbox 225 1490 328 1530; x_wconf 89' lang='grc'><strong>(1883</strong></span> <span class='ocrx_word' id='word_1_250' title='bbox 348 1490 399 1529; x_wconf 90' lang='grc'><strong>(18</strong></span> <span class='ocrx_word' id='word_1_251' title='bbox 419 1489 540 1536; x_wconf 86' lang='grc'><strong>1’888,</strong></span> <span class='ocrx_word' id='word_1_252' title='bbox 566 1489 594 1527; x_wconf 87' lang='grc'><strong>11</strong></span> <span class='ocrx_word' id='word_1_253' title='bbox 616 1500 667 1527; x_wconf 88' lang='grc'><strong>88</strong></span> <span class='ocrx_word' id='word_1_254' title='bbox 689 1488 830 1526; x_wconf 87' lang='grc'><strong>(10888</strong></span> <span class='ocrx_word' id='word_1_255' title='bbox 850 1489 875 1526; x_wconf 81' lang='lat' dir='ltr'><strong>a</strong></span> <span class='ocrx_word' id='word_1_256' title='bbox 888 1486 1004 1525; x_wconf 86' lang='lat' dir='ltr'><strong>boire</strong></span> <span class='ocrx_word' id='word_1_257' title='bbox 1024 1498 1108 1525; x_wconf 84' lang='lat' dir='ltr'><strong>aux</strong></span> <span class='ocrx_word' id='word_1_258' title='bbox 1129 1485 1194 1524; x_wconf 88' lang='lat' dir='ltr'><strong>fils</strong></span> <span class='ocrx_word' id='word_1_259' title='bbox 1213 1483 1397 1524; x_wconf 75' lang='lat' dir='ltr'><strong>d&#39;lsrael.</strong></span> <span class='ocrx_word' id='word_1_260' title='bbox 1415 1482 1448 1522; x_wconf 91' lang='lat'><strong>11</strong></span> <span class='ocrx_word' id='word_1_261' title='bbox 1467 1481 1615 1521; x_wconf 85' lang='lat' dir='ltr'><strong>voulut</strong></span> 
     </span>
     <span class='ocr_line' id='line_1_21' title="bbox 44 1545 1611 1602; baseline -0.006 -7"><span class='ocrx_word' id='word_1_262' title='bbox 44 1554 150 1597; x_wconf 83' lang='lat' dir='ltr'><strong>ainsi</strong></span> <span class='ocrx_word' id='word_1_263' title='bbox 168 1554 259 1594; x_wconf 90' lang='lat' dir='ltr'><strong>leur</strong></span> <span class='ocrx_word' id='word_1_264' title='bbox 278 1554 382 1594; x_wconf 85' lang='lat' dir='ltr'><strong>faire</strong></span> <span class='ocrx_word' id='word_1_265' title='bbox 403 1553 534 1593; x_wconf 87' lang='lat' dir='ltr'><strong>sentir</strong></span> <span class='ocrx_word' id='word_1_266' title='bbox 552 1551 815 1592; x_wconf 81' lang='lat' dir='ltr'><strong>l&#39;amertume</strong></span> <span class='ocrx_word' id='word_1_267' title='bbox 837 1552 887 1590; x_wconf 88' lang='lat' dir='ltr'><strong>de</strong></span> <span class='ocrx_word' id='word_1_268' title='bbox 908 1551 999 1590; x_wconf 89' lang='lat' dir='ltr'><strong>leur</strong></span> <span class='ocrx_word' id='word_1_269' title='bbox 1019 1550 1149 1602; x_wconf 80' lang='lat' dir='ltr'><strong>peche</strong></span> <span class='ocrx_word' id='word_1_270' title='bbox 1170 1552 1211 1589; x_wconf 87' lang='grc'><strong>81</strong></span> <span class='ocrx_word' id='word_1_271' title='bbox 1233 1550 1290 1588; x_wconf 89' lang='grc'><strong>183</strong></span> <span class='ocrx_word' id='word_1_272' title='bbox 1311 1558 1484 1587; x_wconf 76' lang='grc'><strong>81118881·</strong></span> <span class='ocrx_word' id='word_1_273' title='bbox 1517 1548 1542 1586; x_wconf 74' lang='lat' dir='ltr'><strong>a</strong></span> <span class='ocrx_word' id='word_1_274' title='bbox 1572 1545 1611 1586; x_wconf 91' lang='grc'><strong>18</strong></span> 
     </span>
     <span class='ocr_line' id='line_1_22' title="bbox 40 1612 1614 1670; baseline -0.006 -9"><span class='ocrx_word' id='word_1_275' title='bbox 40 1619 225 1661; x_wconf 75' lang='lat' dir='ltr'><strong>detester</strong></span> <span class='ocrx_word' id='word_1_276' title='bbox 257 1622 296 1659; x_wconf 84' lang='lat' dir='ltr'><strong>et</strong></span> <span class='ocrx_word' id='word_1_277' title='bbox 331 1621 355 1658; x_wconf 75' lang='lat' dir='ltr'><strong>a</strong></span> <span class='ocrx_word' id='word_1_278' title='bbox 387 1619 472 1658; x_wconf 90' lang='lat' dir='ltr'><strong>s’en</strong></span> <span class='ocrx_word' id='word_1_279' title='bbox 505 1618 707 1670; x_wconf 88' lang='lat' dir='ltr'><strong>repentir.</strong></span> <span class='ocrx_word' id='word_1_280' title='bbox 731 1619 903 1657; x_wconf 90' lang='lat' dir='ltr'><strong>Comme</strong></span> <span class='ocrx_word' id='word_1_281' title='bbox 935 1616 1035 1655; x_wconf 88' lang='lat' dir='ltr'><strong>ehez</strong></span> <span class='ocrx_word' id='word_1_282' title='bbox 1068 1616 1127 1655; x_wconf 90' lang='lat' dir='ltr'><strong>les</strong></span> <span class='ocrx_word' id='word_1_283' title='bbox 1159 1615 1370 1662; x_wconf 69' lang='lat' dir='ltr'><strong>Heln-eux,</strong></span> <span class='ocrx_word' id='word_1_284' title='bbox 1393 1613 1443 1652; x_wconf 88' lang='lat' dir='ltr'><strong>de</strong></span> <span class='ocrx_word' id='word_1_285' title='bbox 1476 1612 1614 1652; x_wconf 78' lang='lat' dir='ltr'><strong>meme</strong></span> 
     </span>
     <span class='ocr_line' id='line_1_23' title="bbox 44 1676 1616 1736; baseline -0.006 -11"><span class='ocrx_word' id='word_1_286' title='bbox 44 1686 154 1726; x_wconf 81' lang='lat' dir='ltr'><strong>aussi</strong></span> <span class='ocrx_word' id='word_1_287' title='bbox 172 1685 271 1724; x_wconf 87' lang='lat' dir='ltr'><strong>chez</strong></span> <span class='ocrx_word' id='word_1_288' title='bbox 299 1684 358 1724; x_wconf 89' lang='lat' dir='ltr'><strong>les</strong></span> <span class='ocrx_word' id='word_1_289' title='bbox 390 1683 622 1734; x_wconf 76' lang='lat' dir='ltr'><strong>Chretiens,</strong></span> <span class='ocrx_word' id='word_1_290' title='bbox 656 1683 858 1736; x_wconf 81' lang='lat' dir='ltr'><strong>repaudre</strong></span> <span class='ocrx_word' id='word_1_291' title='bbox 891 1682 942 1721; x_wconf 92' lang='lat' dir='ltr'><strong>de</strong></span> <span class='ocrx_word' id='word_1_292' title='bbox 978 1682 1018 1720; x_wconf 89' lang='grc'><strong>18</strong></span> <span class='ocrx_word' id='word_1_293' title='bbox 1043 1681 1194 1720; x_wconf 78' lang='lat' dir='ltr'><strong>cendi-e</strong></span> <span class='ocrx_word' id='word_1_294' title='bbox 1227 1683 1287 1719; x_wconf 85' lang='lat' dir='ltr'><strong>est</strong></span> <span class='ocrx_word' id='word_1_295' title='bbox 1319 1691 1376 1719; x_wconf 88' lang='lat' dir='ltr'><strong>un</strong></span> <span class='ocrx_word' id='word_1_296' title='bbox 1410 1679 1440 1717; x_wconf 89' lang='lat' dir='ltr'><strong>si</strong></span> <span class='ocrx_word' id='word_1_297' title='bbox 1448 1689 1533 1730; x_wconf 83' lang='lat' dir='ltr'><strong>gne</strong></span> <span class='ocrx_word' id='word_1_298' title='bbox 1563 1676 1616 1717; x_wconf 81' lang='lat' dir='ltr'><strong>de</strong></span> 
     </span>
     <span class='ocr_line' id='line_1_24' title="bbox 42 1743 1614 1803; baseline -0.006 -12"><span class='ocrx_word' id='word_1_299' title='bbox 42 1750 158 1792; x_wconf 80' lang='lat' dir='ltr'><strong>deuil</strong></span> <span class='ocrx_word' id='word_1_300' title='bbox 175 1753 218 1791; x_wconf 81' lang='grc'><strong>81</strong></span> <span class='ocrx_word' id='word_1_301' title='bbox 237 1750 287 1790; x_wconf 83' lang='grc'><strong>(18</strong></span> <span class='ocrx_word' id='word_1_302' title='bbox 308 1750 544 1803; x_wconf 83' lang='grc'><strong>8811118888.</strong></span> <span class='ocrx_word' id='word_1_303' title='bbox 568 1750 679 1788; x_wconf 86' lang='grc' dir='ltr'><strong>Νο83</strong></span> <span class='ocrx_word' id='word_1_304' title='bbox 700 1749 828 1787; x_wconf 87' lang='grc'><strong>113083</strong></span> <span class='ocrx_word' id='word_1_305' title='bbox 849 1760 929 1800; x_wconf 89' lang='lat' dir='ltr'><strong>que</strong></span> <span class='ocrx_word' id='word_1_306' title='bbox 951 1747 1168 1798; x_wconf 86' lang='lat' dir='ltr'><strong>beaucoup</strong></span> <span class='ocrx_word' id='word_1_307' title='bbox 1188 1745 1239 1785; x_wconf 91' lang='lat' dir='ltr'><strong>de</strong></span> <span class='ocrx_word' id='word_1_308' title='bbox 1260 1744 1405 1793; x_wconf 81' lang='lat' dir='ltr'><strong>saints,</strong></span> <span class='ocrx_word' id='word_1_309' title='bbox 1419 1756 1472 1783; x_wconf 87' lang='grc'><strong>88</strong></span> <span class='ocrx_word' id='word_1_310' title='bbox 1492 1743 1614 1795; x_wconf 86' lang='lat' dir='ltr'><strong>signe</strong></span> 
     </span>
     <span class='ocr_line' id='line_1_25' title="bbox 39 1809 1609 1869; baseline -0.005 -13"><span class='ocrx_word' id='word_1_311' title='bbox 39 1814 94 1857; x_wconf 83' lang='lat' dir='ltr'><strong>de</strong></span> <span class='ocrx_word' id='word_1_312' title='bbox 111 1815 345 1869; x_wconf 72' lang='lat' dir='ltr'><strong>peniteuee,</strong></span> <span class='ocrx_word' id='word_1_313' title='bbox 368 1818 443 1854; x_wconf 91' lang='grc'><strong>081</strong></span> <span class='ocrx_word' id='word_1_314' title='bbox 456 1814 790 1854; x_wconf 87' lang='lat' dir='ltr'><strong>non—seulement</strong></span> <span class='ocrx_word' id='word_1_315' title='bbox 809 1812 998 1864; x_wconf 77' lang='lat' dir='ltr'><strong>repanda</strong></span> <span class='ocrx_word' id='word_1_316' title='bbox 1019 1812 1069 1851; x_wconf 90' lang='lat' dir='ltr'><strong>de</strong></span> <span class='ocrx_word' id='word_1_317' title='bbox 1090 1811 1131 1850; x_wconf 88' lang='grc'><strong>18</strong></span> <span class='ocrx_word' id='word_1_318' title='bbox 1150 1810 1302 1850; x_wconf 84' lang='grc'><strong>888(11·8</strong></span> <span class='ocrx_word' id='word_1_319' title='bbox 1316 1821 1388 1849; x_wconf 92' lang='lat' dir='ltr'><strong>sur</strong></span> <span class='ocrx_word' id='word_1_320' title='bbox 1403 1810 1493 1848; x_wconf 84' lang='lat' dir='ltr'><strong>leur</strong></span> <span class='ocrx_word' id='word_1_321' title='bbox 1509 1809 1609 1855; x_wconf 72' lang='grc'><strong>1818,</strong></span> 
     </span>
     <span class='ocr_line' id='line_1_26' title="bbox 28 1874 1612 1928; baseline -0.004 -7"><span class='ocrx_word' id='word_1_322' title='bbox 28 1881 147 1923; x_wconf 54' lang='lat' dir='ltr'><strong>{mais</strong></span> <span class='ocrx_word' id='word_1_323' title='bbox 164 1882 300 1921; x_wconf 75' lang='lat' dir='ltr'><strong>meme</strong></span> <span class='ocrx_word' id='word_1_324' title='bbox 320 1893 469 1920; x_wconf 82' lang='lat' dir='ltr'><strong>encore</strong></span> <span class='ocrx_word' id='word_1_325' title='bbox 490 1880 593 1920; x_wconf 87' lang='lat' dir='ltr'><strong>dans</strong></span> <span class='ocrx_word' id='word_1_326' title='bbox 613 1880 704 1918; x_wconf 90' lang='lat' dir='ltr'><strong>leur</strong></span> <span class='ocrx_word' id='word_1_327' title='bbox 723 1878 976 1918; x_wconf 80' lang='lat' dir='ltr'><strong>nourriture.</strong></span> <span class='ocrx_word' id='word_1_328' title='bbox 999 1878 1063 1917; x_wconf 87' lang='lat' dir='ltr'><strong>On</strong></span> <span class='ocrx_word' id='word_1_329' title='bbox 1081 1879 1278 1928; x_wconf 85' lang='lat' dir='ltr'><strong>rapporte</strong></span> <span class='ocrx_word' id='word_1_330' title='bbox 1294 1887 1374 1927; x_wconf 86' lang='lat' dir='ltr'><strong>que</strong></span> <span class='ocrx_word' id='word_1_331' title='bbox 1390 1876 1527 1913; x_wconf 84' lang='lat' dir='ltr'><strong>toutes</strong></span> <span class='ocrx_word' id='word_1_332' title='bbox 1550 1874 1612 1914; x_wconf 84' lang='lat' dir='ltr'><strong>les</strong></span> 
     </span>
    </p>
   </div>
   <div class='ocr_carea' id='block_1_2' title="bbox 589 171 1089 204">
    <p class='ocr_par' dir='ltr' id='par_1_2' title="bbox 589 171 1089 204">
     <span class='ocr_line' id='line_1_27' title="bbox 589 171 1089 204; baseline -0.01 1"><span class='ocrx_word' id='word_1_333' title='bbox 589 175 635 204; x_wconf 73' lang='lat' dir='ltr'><strong>1.ss</strong></span> <span class='ocrx_word' id='word_1_334' title='bbox 663 173 759 204; x_wconf 77' lang='lat' dir='ltr'><strong>mun</strong></span> <span class='ocrx_word' id='word_1_335' title='bbox 787 173 864 202; x_wconf 79' lang='lat' dir='ltr'><strong>DES</strong></span> <span class='ocrx_word' id='word_1_336' title='bbox 893 171 1089 202; x_wconf 74' lang='lat' dir='ltr'>CENDRES.</span> 
     </span>
    </p>
   </div>
   <div class='ocr_carea' id='block_1_3' title="bbox 41 1992 1615 2009">
    <p class='ocr_par' dir='ltr' id='par_1_3' title="bbox 41 1992 1615 2009">
     <span class='ocr_line' id='line_1_28' title="bbox 41 1992 1615 2009; baseline 0 1137"><span class='ocrx_word' id='word_1_337' title='bbox 41 1992 1615 2009; x_wconf 95' lang='lat' dir='ltr'><strong> </strong></span> 
     </span>
    </p>
   </div>
   <div class='ocr_carea' id='block_1_4' title="bbox 6 2080 808 3027">
    <p class='ocr_par' dir='ltr' id='par_1_4' title="bbox 6 2080 806 2603">
     <span class='ocr_line' id='line_1_29' title="bbox 6 2080 804 2128; baseline -0.005 -9"><span class='ocrx_word' id='word_1_338' title='bbox 6 2083 8 2086; x_wconf 74' lang='grc'>’</span> <span class='ocrx_word' id='word_1_339' title='bbox 42 2083 212 2124; x_wconf 80' lang='lat' dir='ltr'><strong>redeant,</strong></span> <span class='ocrx_word' id='word_1_340' title='bbox 234 2080 340 2128; x_wconf 81' lang='lat' dir='ltr'><strong>quasi</strong></span> <span class='ocrx_word' id='word_1_341' title='bbox 372 2090 504 2116; x_wconf 87' lang='lat' dir='ltr'><strong>saccus</strong></span> <span class='ocrx_word' id='word_1_342' title='bbox 536 2090 648 2126; x_wconf 87' lang='lat' dir='ltr'><strong>super</strong></span> <span class='ocrx_word' id='word_1_343' title='bbox 680 2084 804 2116; x_wconf 88' lang='lat' dir='ltr'><strong>cutem</strong></span> 
     </span>
     <span class='ocr_line' id='line_1_30' title="bbox 9 2128 804 2174; baseline -0.006 -7"><span class='ocrx_word' id='word_1_344' title='bbox 9 2141 17 2174; x_wconf 67' lang='lat' dir='ltr'><strong><em>j</em></strong></span> <span class='ocrx_word' id='word_1_345' title='bbox 35 2129 253 2172; x_wconf 78' lang='lat' dir='ltr'><strong>consuitur,</strong></span> <span class='ocrx_word' id='word_1_346' title='bbox 274 2134 309 2164; x_wconf 86' lang='lat' dir='ltr'><strong>et</strong></span> <span class='ocrx_word' id='word_1_347' title='bbox 341 2128 468 2164; x_wconf 86' lang='lat' dir='ltr'><strong>cinere</strong></span> <span class='ocrx_word' id='word_1_348' title='bbox 506 2138 591 2164; x_wconf 87' lang='lat' dir='ltr'><strong>caro</strong></span> <span class='ocrx_word' id='word_1_349' title='bbox 624 2128 804 2174; x_wconf 85' lang='lat' dir='ltr'><strong>operitur,</strong></span> 
     </span>
     <span class='ocr_line' id='line_1_31' title="bbox 42 2176 803 2230; baseline -0.004 -17"><span class='ocrx_word' id='word_1_350' title='bbox 42 2177 130 2224; x_wconf 82' lang='lat' dir='ltr'><strong>quia</strong></span> <span class='ocrx_word' id='word_1_351' title='bbox 150 2176 262 2230; x_wconf 85' lang='lat' dir='ltr'><strong>culpa</strong></span> <span class='ocrx_word' id='word_1_352' title='bbox 281 2186 347 2222; x_wconf 86' lang='lat' dir='ltr'><strong>per</strong></span> <span class='ocrx_word' id='word_1_353' title='bbox 367 2176 630 2222; x_wconf 86' lang='lat' dir='ltr'><strong>poenitentiam</strong></span> <span class='ocrx_word' id='word_1_354' title='bbox 654 2179 803 2220; x_wconf 77' lang='lat' dir='ltr'><strong>tegitur,</strong></span> 
     </span>
     <span class='ocr_line' id='line_1_32' title="bbox 19 2222 804 2274; baseline -0.005 -12"><span class='ocrx_word' id='word_1_355' title='bbox 19 2232 93 2262; x_wconf 37' lang='lat' dir='ltr'><strong>‘ne</strong></span> <span class='ocrx_word' id='word_1_356' title='bbox 115 2224 350 2274; x_wconf 53' lang='grc' dir='ltr'><strong>1118131118ιί</strong></span> <span class='ocrx_word' id='word_1_357' title='bbox 379 2223 519 2269; x_wconf 77' lang='lat' dir='ltr'><strong>Judicis</strong></span> <span class='ocrx_word' id='word_1_358' title='bbox 552 2223 727 2258; x_wconf 78' lang='lat' dir='ltr'><strong>examine</strong></span> <span class='ocrx_word' id='word_1_359' title='bbox 759 2222 804 2258; x_wconf 85' lang='lat' dir='ltr'><strong>ad</strong></span> 
     </span>
     <span class='ocr_line' id='line_1_33' title="bbox 24 2270 803 2309; baseline -0.005 0"><span class='ocrx_word' id='word_1_360' title='bbox 24 2271 227 2309; x_wconf 10' lang='lat' dir='ltr'><strong>,ultionem</strong></span> <span class='ocrx_word' id='word_1_361' title='bbox 264 2271 445 2308; x_wconf 87' lang='lat' dir='ltr'><strong>videatur.</strong></span> <span class='ocrx_word' id='word_1_362' title='bbox 483 2271 579 2306; x_wconf 89' lang='lat' dir='ltr'><strong>»Sic</strong></span> <span class='ocrx_word' id='word_1_363' title='bbox 617 2275 652 2306; x_wconf 85' lang='lat' dir='ltr'><strong>et</strong></span> <span class='ocrx_word' id='word_1_364' title='bbox 693 2270 803 2306; x_wconf 86' lang='lat' dir='ltr'><strong>David</strong></span> 
     </span>
     <span class='ocr_line' id='line_1_34' title="bbox 24 2318 803 2367; baseline -0.003 -12"><span class='ocrx_word' id='word_1_365' title='bbox 24 2319 279 2367; x_wconf 71' lang='lat' dir='ltr'><strong>&#39;periclitante</strong></span> <span class='ocrx_word' id='word_1_366' title='bbox 299 2318 377 2355; x_wconf 85' lang='grc'><strong>11110</strong></span> <span class='ocrx_word' id='word_1_367' title='bbox 408 2324 492 2365; x_wconf 84' lang='grc'><strong>8031</strong></span> <span class='ocrx_word' id='word_1_368' title='bbox 516 2318 743 2354; x_wconf 69' lang='lat' dir='ltr'><strong>adulterium</strong></span> <span class='ocrx_word' id='word_1_369' title='bbox 766 2318 803 2353; x_wconf 90' lang='lat' dir='ltr'><strong>in</strong></span> 
     </span>
     <span class='ocr_line' id='line_1_35' title="bbox 24 2365 803 2414; baseline -0.005 -10"><span class='ocrx_word' id='word_1_370' title='bbox 24 2365 172 2405; x_wconf 52' lang='lat' dir='ltr'><strong>*cinere</strong></span> <span class='ocrx_word' id='word_1_371' title='bbox 191 2370 226 2402; x_wconf 87' lang='lat' dir='ltr'><strong>et</strong></span> <span class='ocrx_word' id='word_1_372' title='bbox 241 2366 386 2414; x_wconf 86' lang='lat' dir='ltr'><strong>jejunio</strong></span> <span class='ocrx_word' id='word_1_373' title='bbox 408 2366 670 2412; x_wconf 84' lang='lat' dir='ltr'><strong>poenitcntiam</strong></span> <span class='ocrx_word' id='word_1_374' title='bbox 704 2366 803 2401; x_wconf 81' lang='lat' dir='ltr'><strong>facit.</strong></span> 
     </span>
     <span class='ocr_line' id='line_1_36' title="bbox 42 2413 806 2460; baseline -0.004 -9"><span class='ocrx_word' id='word_1_375' title='bbox 42 2413 223 2460; x_wconf 84' lang='lat' dir='ltr'><strong>Idemque</strong></span> <span class='ocrx_word' id='word_1_376' title='bbox 253 2414 374 2451; x_wconf 85' lang='lat' dir='ltr'><strong>dicit:</strong></span> <span class='ocrx_word' id='word_1_377' title='bbox 410 2428 423 2447; x_wconf 70' lang='grc' dir='ltr'><strong>κ</strong></span> <span class='ocrx_word' id='word_1_378' title='bbox 465 2414 639 2450; x_wconf 82' lang='lat' dir='ltr'><strong>cinerem</strong></span> <span class='ocrx_word' id='word_1_379' title='bbox 679 2423 806 2449; x_wconf 88' lang='lat' dir='ltr'><strong>meum</strong></span> 
     </span>
     <span class='ocr_line' id='line_1_37' title="bbox 43 2460 806 2508; baseline -0.004 -9"><span class='ocrx_word' id='word_1_380' title='bbox 43 2463 234 2508; x_wconf 77' lang='lat' dir='ltr'><strong>tamquam</strong></span> <span class='ocrx_word' id='word_1_381' title='bbox 273 2472 410 2508; x_wconf 84' lang='lat' dir='ltr'><strong>panem</strong></span> <span class='ocrx_word' id='word_1_382' title='bbox 450 2460 743 2503; x_wconf 73' lang='lat' dir='ltr'><strong>manducabam,</strong></span> <span class='ocrx_word' id='word_1_383' title='bbox 771 2466 806 2496; x_wconf 89' lang='lat' dir='ltr'><strong>et</strong></span> 
     </span>
     <span class='ocr_line' id='line_1_38' title="bbox 96 2508 801 2546; baseline -0.004 0"><span class='ocrx_word' id='word_1_384' title='bbox 96 2512 175 2546; x_wconf 81' lang='lat' dir='ltr'><strong>tum</strong></span> <span class='ocrx_word' id='word_1_385' title='bbox 194 2519 321 2546; x_wconf 87' lang='lat' dir='ltr'><strong>meum</strong></span> <span class='ocrx_word' id='word_1_386' title='bbox 342 2519 430 2546; x_wconf 91' lang='lat' dir='ltr'><strong>cum</strong></span> <span class='ocrx_word' id='word_1_387' title='bbox 452 2512 538 2545; x_wconf 84' lang='lat' dir='ltr'><strong>netu</strong></span> <span class='ocrx_word' id='word_1_388' title='bbox 561 2508 801 2545; x_wconf 74' lang='lat' dir='ltr'><strong>miscebam.»</strong></span> 
     </span>
     <span class='ocr_line' id='line_1_39' title="bbox 104 2557 805 2603; baseline 0 -11"><span class='ocrx_word' id='word_1_389' title='bbox 104 2557 158 2593; x_wconf 83' lang='lat' dir='ltr'><strong>asi</strong></span> <span class='ocrx_word' id='word_1_390' title='bbox 177 2557 276 2593; x_wconf 84' lang='lat' dir='ltr'><strong>dicat</strong></span> <span class='ocrx_word' id='word_1_391' title='bbox 300 2567 309 2594; x_wconf 90' lang='lat'><strong>:</strong></span> <span class='ocrx_word' id='word_1_392' title='bbox 331 2557 408 2593; x_wconf 85' lang='lat' dir='ltr'><strong>Hoc</strong></span> <span class='ocrx_word' id='word_1_393' title='bbox 422 2557 691 2603; x_wconf 79' lang='lat' dir='ltr'><strong>mihicontigit</strong></span> <span class='ocrx_word' id='word_1_394' title='bbox 707 2557 805 2602; x_wconf 87' lang='lat' dir='ltr'><strong>quod</strong></span> 
     </span>
    </p>

    <p class='ocr_par' dir='ltr' id='par_1_5' title="bbox 37 2601 808 3027">
     <span class='ocr_line' id='line_1_40' title="bbox 46 2601 805 2659; baseline 0.001 -20"><span class='ocrx_word' id='word_1_395' title='bbox 46 2601 95 2639; x_wconf 70' lang='lat' dir='ltr'><strong>its</strong></span> <span class='ocrx_word' id='word_1_396' title='bbox 113 2604 177 2659; x_wconf 76' lang='lat' dir='ltr'><strong>qui</strong></span> <span class='ocrx_word' id='word_1_397' title='bbox 196 2615 273 2650; x_wconf 84' lang='lat' dir='ltr'><strong>prae</strong></span> <span class='ocrx_word' id='word_1_398' title='bbox 293 2615 453 2642; x_wconf 87' lang='lat' dir='ltr'><strong>moerore</strong></span> <span class='ocrx_word' id='word_1_399' title='bbox 474 2609 509 2641; x_wconf 88' lang='grc'><strong>81</strong></span> <span class='ocrx_word' id='word_1_400' title='bbox 529 2604 631 2640; x_wconf 89' lang='lat' dir='ltr'><strong>luctu</strong></span> <span class='ocrx_word' id='word_1_401' title='bbox 658 2604 698 2640; x_wconf 90' lang='lat' dir='ltr'><strong>in</strong></span> <span class='ocrx_word' id='word_1_402' title='bbox 719 2604 805 2650; x_wconf 87' lang='lat' dir='ltr'><strong>pul-</strong></span> 
     </span>
     <span class='ocr_line' id='line_1_41' title="bbox 46 2651 806 2699; baseline 0 -13"><span class='ocrx_word' id='word_1_403' title='bbox 46 2658 133 2687; x_wconf 82' lang='lat' dir='ltr'><strong>vere</strong></span> <span class='ocrx_word' id='word_1_404' title='bbox 147 2655 286 2697; x_wconf 74' lang='lat' dir='ltr'><strong>jacent,</strong></span> <span class='ocrx_word' id='word_1_405' title='bbox 307 2662 469 2699; x_wconf 88' lang='lat' dir='ltr'><strong>quorum</strong></span> <span class='ocrx_word' id='word_1_406' title='bbox 496 2652 605 2698; x_wconf 82' lang='lat' dir='ltr'><strong>panis</strong></span> <span class='ocrx_word' id='word_1_407' title='bbox 638 2656 673 2687; x_wconf 86' lang='lat' dir='ltr'><strong>et</strong></span> <span class='ocrx_word' id='word_1_408' title='bbox 700 2651 806 2688; x_wconf 86' lang='lat' dir='ltr'><strong>cibus</strong></span> 
     </span>
     <span class='ocr_line' id='line_1_42' title="bbox 45 2696 802 2751; baseline 0.003 -18"><span class='ocrx_word' id='word_1_409' title='bbox 45 2696 199 2751; x_wconf 78' lang='lat' dir='ltr'><strong>pulvere</strong></span> <span class='ocrx_word' id='word_1_410' title='bbox 229 2699 437 2746; x_wconf 78' lang='lat' dir='ltr'><strong>aspergitur</strong></span> <span class='ocrx_word' id='word_1_411' title='bbox 469 2705 502 2735; x_wconf 87' lang='lat' dir='ltr'><strong>et</strong></span> <span class='ocrx_word' id='word_1_412' title='bbox 534 2699 715 2736; x_wconf 83' lang='lat' dir='ltr'><strong>inficitur.</strong></span> <span class='ocrx_word' id='word_1_413' title='bbox 739 2699 802 2735; x_wconf 88' lang='lat' dir='ltr'><strong>Vel</strong></span> 
     </span>
     <span class='ocr_line' id='line_1_43' title="bbox 49 2745 805 2799; baseline 0.004 -20"><span class='ocrx_word' id='word_1_414' title='bbox 49 2745 289 2799; x_wconf 64' lang='lat' dir='ltr'><strong>spiritualiter</strong></span> <span class='ocrx_word' id='word_1_415' title='bbox 308 2757 395 2783; x_wconf 90' lang='lat' dir='ltr'><strong>cum</strong></span> <span class='ocrx_word' id='word_1_416' title='bbox 415 2747 640 2794; x_wconf 82' lang='lat' dir='ltr'><strong>quibusdam</strong></span> <span class='ocrx_word' id='word_1_417' title='bbox 662 2746 805 2782; x_wconf 80' lang='lat' dir='ltr'><strong>inteili-</strong></span> 
     </span>
     <span class='ocr_line' id='line_1_44' title="bbox 47 2790 806 2847; baseline 0.005 -21"><span class='ocrx_word' id='word_1_418' title='bbox 47 2790 185 2845; x_wconf 60' lang='lat' dir='ltr'><strong>gendm</strong></span> <span class='ocrx_word' id='word_1_419' title='bbox 204 2792 304 2847; x_wconf 73' lang='lat' dir='ltr'><strong>idem</strong></span> <span class='ocrx_word' id='word_1_420' title='bbox 330 2799 385 2830; x_wconf 88' lang='lat' dir='ltr'><strong>est</strong></span> <span class='ocrx_word' id='word_1_421' title='bbox 405 2805 449 2831; x_wconf 86' lang='lat' dir='ltr'><strong>ac</strong></span> <span class='ocrx_word' id='word_1_422' title='bbox 467 2795 614 2831; x_wconf 85' lang='lat' dir='ltr'><strong>sidicat</strong></span> <span class='ocrx_word' id='word_1_423' title='bbox 637 2805 644 2830; x_wconf 93' lang='lat'><strong>:</strong></span> <span class='ocrx_word' id='word_1_424' title='bbox 669 2794 806 2831; x_wconf 86' lang='lat' dir='ltr'><strong>Memo-</strong></span> 
     </span>
     <span class='ocr_line' id='line_1_45' title="bbox 37 2841 808 2894; baseline 0.005 -20"><span class='ocrx_word' id='word_1_425' title='bbox 37 2847 106 2892; x_wconf 70' lang='grc' dir='ltr'><strong>ι118</strong></span> <span class='ocrx_word' id='word_1_426' title='bbox 125 2841 374 2894; x_wconf 45' lang='lat' dir='ltr'><strong>peccati-mei</strong></span> <span class='ocrx_word' id='word_1_427' title='bbox 403 2842 499 2878; x_wconf 84' lang='lat' dir='ltr'><strong>mihi</strong></span> <span class='ocrx_word' id='word_1_428' title='bbox 530 2847 607 2878; x_wconf 86' lang='lat' dir='ltr'><strong>erat</strong></span> <span class='ocrx_word' id='word_1_429' title='bbox 639 2842 808 2878; x_wconf 85' lang='lat' dir='ltr'><strong>insuavis</strong></span> 
     </span>
     <span class='ocr_line' id='line_1_46' title="bbox 47 2889 805 2940; baseline 0.005 -18"><span class='ocrx_word' id='word_1_430' title='bbox 47 2889 167 2939; x_wconf 76' lang='lat' dir='ltr'><strong>instar</strong></span> <span class='ocrx_word' id='word_1_431' title='bbox 205 2896 313 2940; x_wconf 72' lang='lat' dir='ltr'><strong>panis</strong></span> <span class='ocrx_word' id='word_1_432' title='bbox 361 2889 599 2934; x_wconf 84' lang='lat' dir='ltr'><strong>cinerulenti‚</strong></span> <span class='ocrx_word' id='word_1_433' title='bbox 639 2894 676 2926; x_wconf 85' lang='grc'><strong>81</strong></span> <span class='ocrx_word' id='word_1_434' title='bbox 718 2900 805 2926; x_wconf 88' lang='grc'><strong>8818</strong></span> 
     </span>
     <span class='ocr_line' id='line_1_47' title="bbox 47 2933 806 2987; baseline 0.009 -20"><span class='ocrx_word' id='word_1_435' title='bbox 47 2933 299 2987; x_wconf 73' lang='lat' dir='ltr'><strong>amaritudine</strong></span> <span class='ocrx_word' id='word_1_436' title='bbox 335 2934 428 2972; x_wconf 82' lang='lat' dir='ltr'><strong>ittud</strong></span> <span class='ocrx_word' id='word_1_437' title='bbox 465 2937 718 2974; x_wconf 82' lang='lat' dir='ltr'><strong>ruminabam.</strong></span> <span class='ocrx_word' id='word_1_438' title='bbox 746 2937 806 2974; x_wconf 89' lang='lat' dir='ltr'><strong>Sic</strong></span> 
     </span>
     <span class='ocr_line' id='line_1_48' title="bbox 47 2980 806 3027; baseline 0.005 -11"><span class='ocrx_word' id='word_1_439' title='bbox 47 2983 162 3017; x_wconf 79' lang='lat' dir='ltr'><strong>etlam</strong></span> <span class='ocrx_word' id='word_1_440' title='bbox 181 2980 329 3027; x_wconf 81' lang='lat' dir='ltr'><strong>Moyses</strong></span> <span class='ocrx_word' id='word_1_441' title='bbox 347 2981 579 3021; x_wconf 83' lang='lat' dir='ltr'><strong>descendens</strong></span> <span class='ocrx_word' id='word_1_442' title='bbox 609 2985 655 3022; x_wconf 86' lang='lat' dir='ltr'><strong>de</strong></span> <span class='ocrx_word' id='word_1_443' title='bbox 675 2990 806 3022; x_wconf 86' lang='lat' dir='ltr'><strong>monte</strong></span> 
     </span>
    </p>
   </div>
   <div class='ocr_carea' id='block_1_5' title="bbox 843 2074 1614 3028">
    <p class='ocr_par' dir='ltr' id='par_1_6' title="bbox 843 2074 1614 2687">
     <span class='ocr_line' id='line_1_49' title="bbox 844 2074 1614 2124; baseline -0.008 -9"><span class='ocrx_word' id='word_1_444' title='bbox 844 2079 947 2121; x_wconf 86' lang='lat' dir='ltr'><strong>Sina,</strong></span> <span class='ocrx_word' id='word_1_445' title='bbox 968 2083 1123 2124; x_wconf 88' lang='lat' dir='ltr'><strong>portans</strong></span> <span class='ocrx_word' id='word_1_446' title='bbox 1165 2086 1293 2112; x_wconf 90' lang='lat' dir='ltr'><strong>secum</strong></span> <span class='ocrx_word' id='word_1_447' title='bbox 1335 2075 1427 2110; x_wconf 76' lang='lat' dir='ltr'><strong>duas</strong></span> <span class='ocrx_word' id='word_1_448' title='bbox 1467 2074 1614 2110; x_wconf 85' lang='lat' dir='ltr'><strong>tabutas</strong></span> 
     </span>
     <span class='ocr_line' id='line_1_50' title="bbox 845 2122 1614 2169; baseline -0.007 -7"><span class='ocrx_word' id='word_1_449' title='bbox 845 2126 1067 2169; x_wconf 82' lang='lat' dir='ltr'><strong>testimonii,</strong></span> <span class='ocrx_word' id='word_1_450' title='bbox 1117 2135 1204 2160; x_wconf 81' lang='lat' dir='ltr'><strong>cuin</strong></span> <span class='ocrx_word' id='word_1_451' title='bbox 1271 2122 1614 2169; x_wconf 77' lang='lat' dir='ltr'><strong>appropinquasset</strong></span> 
     </span>
     <span class='ocr_line' id='line_1_51' title="bbox 843 2169 1611 2214; baseline -0.009 -4"><span class='ocrx_word' id='word_1_452' title='bbox 843 2174 989 2214; x_wconf 82' lang='lat' dir='ltr'><strong>eastris,</strong></span> <span class='ocrx_word' id='word_1_453' title='bbox 1011 2173 1102 2208; x_wconf 87' lang='lat' dir='ltr'><strong>vidit</strong></span> <span class='ocrx_word' id='word_1_454' title='bbox 1123 2172 1283 2208; x_wconf 84' lang='lat' dir='ltr'><strong>vitulum</strong></span> <span class='ocrx_word' id='word_1_455' title='bbox 1306 2174 1341 2206; x_wconf 87' lang='grc'><strong>81</strong></span> <span class='ocrx_word' id='word_1_456' title='bbox 1362 2170 1510 2214; x_wconf 84' lang='lat' dir='ltr'><strong>choros,</strong></span> <span class='ocrx_word' id='word_1_457' title='bbox 1533 2169 1611 2204; x_wconf 90' lang='lat' dir='ltr'><strong>ira-</strong></span> 
     </span>
     <span class='ocr_line' id='line_1_52' title="bbox 845 2216 1612 2268; baseline -0.008 -10"><span class='ocrx_word' id='word_1_458' title='bbox 845 2226 977 2268; x_wconf 85' lang='lat' dir='ltr'><strong>tusque</strong></span> <span class='ocrx_word' id='word_1_459' title='bbox 998 2221 1106 2256; x_wconf 83' lang='lat' dir='ltr'><strong>vaide</strong></span> <span class='ocrx_word' id='word_1_460' title='bbox 1126 2219 1283 2266; x_wconf 84' lang='lat' dir='ltr'><strong>projecit</strong></span> <span class='ocrx_word' id='word_1_461' title='bbox 1303 2218 1349 2254; x_wconf 88' lang='lat' dir='ltr'><strong>de</strong></span> <span class='ocrx_word' id='word_1_462' title='bbox 1370 2227 1486 2253; x_wconf 84' lang='lat' dir='ltr'><strong>manu</strong></span> <span class='ocrx_word' id='word_1_463' title='bbox 1508 2216 1612 2252; x_wconf 89' lang='lat' dir='ltr'><strong>tabu-</strong></span> 
     </span>
     <span class='ocr_line' id='line_1_53' title="bbox 845 2265 1612 2313; baseline -0.008 -8"><span class='ocrx_word' id='word_1_464' title='bbox 845 2270 913 2313; x_wconf 85' lang='lat' dir='ltr'><strong>las,</strong></span> <span class='ocrx_word' id='word_1_465' title='bbox 954 2274 988 2304; x_wconf 86' lang='lat' dir='ltr'><strong>et</strong></span> <span class='ocrx_word' id='word_1_466' title='bbox 1027 2268 1210 2313; x_wconf 71' lang='lat' dir='ltr'><strong>confregit</strong></span> <span class='ocrx_word' id='word_1_467' title='bbox 1250 2277 1313 2302; x_wconf 85' lang='lat' dir='ltr'><strong>eas</strong></span> <span class='ocrx_word' id='word_1_468' title='bbox 1350 2266 1395 2301; x_wconf 91' lang='lat' dir='ltr'><strong>ad</strong></span> <span class='ocrx_word' id='word_1_469' title='bbox 1444 2265 1612 2300; x_wconf 89' lang='lat' dir='ltr'><strong>radicem</strong></span> 
     </span>
     <span class='ocr_line' id='line_1_54' title="bbox 844 2313 1609 2362; baseline -0.008 -9"><span class='ocrx_word' id='word_1_470' title='bbox 844 2317 998 2359; x_wconf 87' lang='lat' dir='ltr'><strong>montis,</strong></span> <span class='ocrx_word' id='word_1_471' title='bbox 1018 2316 1278 2362; x_wconf 86' lang='lat' dir='ltr'><strong>arripiensque</strong></span> <span class='ocrx_word' id='word_1_472' title='bbox 1306 2313 1466 2349; x_wconf 80' lang='lat' dir='ltr'><strong>vitutum</strong></span> <span class='ocrx_word' id='word_1_473' title='bbox 1496 2322 1609 2358; x_wconf 85' lang='lat' dir='ltr'><strong>quem</strong></span> 
     </span>
     <span class='ocr_line' id='line_1_55' title="bbox 844 2360 1610 2407; baseline -0.007 -7"><span class='ocrx_word' id='word_1_474' title='bbox 844 2366 1024 2407; x_wconf 74' lang='lat' dir='ltr'><strong>fecerant,</strong></span> <span class='ocrx_word' id='word_1_475' title='bbox 1041 2363 1248 2400; x_wconf 85' lang='lat' dir='ltr'><strong>combussit</strong></span> <span class='ocrx_word' id='word_1_476' title='bbox 1282 2366 1318 2398; x_wconf 87' lang='lat' dir='ltr'><strong>et</strong></span> <span class='ocrx_word' id='word_1_477' title='bbox 1349 2360 1523 2397; x_wconf 75' lang='lat' dir='ltr'><strong>contrivit</strong></span> <span class='ocrx_word' id='word_1_478' title='bbox 1543 2370 1610 2396; x_wconf 91' lang='lat' dir='ltr'><strong>us-</strong></span> 
     </span>
     <span class='ocr_line' id='line_1_56' title="bbox 844 2407 1611 2459; baseline -0.008 -11"><span class='ocrx_word' id='word_1_479' title='bbox 844 2423 915 2459; x_wconf 88' lang='lat' dir='ltr'><strong>quc</strong></span> <span class='ocrx_word' id='word_1_480' title='bbox 951 2412 998 2447; x_wconf 85' lang='lat' dir='ltr'><strong>ad</strong></span> <span class='ocrx_word' id='word_1_481' title='bbox 1028 2412 1235 2457; x_wconf 86' lang='lat' dir='ltr'><strong>pulverem,</strong></span> <span class='ocrx_word' id='word_1_482' title='bbox 1259 2418 1371 2455; x_wconf 86' lang='lat' dir='ltr'><strong>quem</strong></span> <span class='ocrx_word' id='word_1_483' title='bbox 1403 2408 1538 2454; x_wconf 82' lang='lat' dir='ltr'><strong>sparsit</strong></span> <span class='ocrx_word' id='word_1_484' title='bbox 1570 2407 1611 2443; x_wconf 89' lang='lat' dir='ltr'><strong>in</strong></span> 
     </span>
     <span class='ocr_line' id='line_1_57' title="bbox 843 2454 1612 2506; baseline -0.008 -10"><span class='ocrx_word' id='word_1_485' title='bbox 843 2471 994 2506; x_wconf 86' lang='lat' dir='ltr'><strong>aquarn,</strong></span> <span class='ocrx_word' id='word_1_486' title='bbox 1017 2464 1052 2494; x_wconf 80' lang='grc'><strong>81</strong></span> <span class='ocrx_word' id='word_1_487' title='bbox 1072 2459 1173 2494; x_wconf 85' lang='lat' dir='ltr'><strong>dedit</strong></span> <span class='ocrx_word' id='word_1_488' title='bbox 1203 2469 1247 2493; x_wconf 82' lang='lat' dir='ltr'><strong>ex</strong></span> <span class='ocrx_word' id='word_1_489' title='bbox 1283 2468 1326 2492; x_wconf 90' lang='lat' dir='ltr'><strong>eo</strong></span> <span class='ocrx_word' id='word_1_490' title='bbox 1359 2460 1488 2502; x_wconf 89' lang='lat' dir='ltr'><strong>potum</strong></span> <span class='ocrx_word' id='word_1_491' title='bbox 1522 2454 1612 2491; x_wconf 76' lang='lat' dir='ltr'><strong>titiis</strong></span> 
     </span>
     <span class='ocr_line' id='line_1_58' title="bbox 846 2502 1612 2546; baseline -0.009 -2"><span class='ocrx_word' id='word_1_492' title='bbox 846 2507 973 2544; x_wconf 85' lang='lat' dir='ltr'><strong>Israel.</strong></span> <span class='ocrx_word' id='word_1_493' title='bbox 998 2507 1064 2543; x_wconf 86' lang='lat' dir='ltr'><strong>Per</strong></span> <span class='ocrx_word' id='word_1_494' title='bbox 1098 2507 1169 2542; x_wconf 87' lang='lat' dir='ltr'><strong>hoc</strong></span> <span class='ocrx_word' id='word_1_495' title='bbox 1200 2505 1384 2541; x_wconf 86' lang='lat' dir='ltr'><strong>nimirum</strong></span> <span class='ocrx_word' id='word_1_496' title='bbox 1418 2502 1548 2546; x_wconf 84' lang='lat' dir='ltr'><strong>votuit,</strong></span> <span class='ocrx_word' id='word_1_497' title='bbox 1572 2505 1612 2539; x_wconf 85' lang='lat' dir='ltr'><strong>ut</strong></span> 
     </span>
     <span class='ocr_line' id='line_1_59' title="bbox 844 2550 1611 2599; baseline -0.008 -8"><span class='ocrx_word' id='word_1_498' title='bbox 844 2555 1137 2591; x_wconf 79' lang='lat' dir='ltr'><strong>amaritudinem</strong></span> <span class='ocrx_word' id='word_1_499' title='bbox 1159 2552 1303 2599; x_wconf 85' lang='lat' dir='ltr'><strong>peccati</strong></span> <span class='ocrx_word' id='word_1_500' title='bbox 1324 2551 1382 2587; x_wconf 90' lang='lat' dir='ltr'><strong>sui</strong></span> <span class='ocrx_word' id='word_1_501' title='bbox 1403 2550 1611 2597; x_wconf 85' lang='lat' dir='ltr'><strong>persentis-</strong></span> 
     </span>
     <span class='ocr_line' id='line_1_60' title="bbox 844 2598 1611 2646; baseline -0.009 -6"><span class='ocrx_word' id='word_1_502' title='bbox 844 2608 985 2646; x_wconf 90' lang='lat' dir='ltr'><strong>cerent,</strong></span> <span class='ocrx_word' id='word_1_503' title='bbox 1010 2607 1042 2638; x_wconf 88' lang='lat' dir='ltr'><strong>et</strong></span> <span class='ocrx_word' id='word_1_504' title='bbox 1064 2602 1110 2637; x_wconf 89' lang='lat' dir='ltr'><strong>ad</strong></span> <span class='ocrx_word' id='word_1_505' title='bbox 1126 2600 1392 2637; x_wconf 83' lang='lat' dir='ltr'><strong>contritionem</strong></span> <span class='ocrx_word' id='word_1_506' title='bbox 1429 2602 1465 2634; x_wconf 86' lang='lat' dir='ltr'><strong>et</strong></span> <span class='ocrx_word' id='word_1_507' title='bbox 1485 2598 1611 2634; x_wconf 85' lang='grc'><strong>(18183-</strong></span> 
     </span>
     <span class='ocr_line' id='line_1_61' title="bbox 845 2648 1465 2687; baseline -0.011 0"><span class='ocrx_word' id='word_1_508' title='bbox 845 2652 1026 2687; x_wconf 87' lang='lat' dir='ltr'><strong>tationem</strong></span> <span class='ocrx_word' id='word_1_509' title='bbox 1052 2649 1156 2685; x_wconf 81' lang='lat' dir='ltr'><strong>itlius</strong></span> <span class='ocrx_word' id='word_1_510' title='bbox 1176 2648 1465 2684; x_wconf 81' lang='lat' dir='ltr'><strong>adducerentur.</strong></span> 
     </span>
    </p>

    <p class='ocr_par' dir='ltr' id='par_1_7' title="bbox 845 2691 1614 3028">
     <span class='ocr_line' id='line_1_62' title="bbox 892 2691 1610 2743; baseline -0.01 -9"><span class='ocrx_word' id='word_1_511' title='bbox 892 2699 994 2734; x_wconf 83' lang='lat' dir='ltr'><strong>Sient</strong></span> <span class='ocrx_word' id='word_1_512' title='bbox 1016 2697 1129 2743; x_wconf 77' lang='lat' dir='ltr'><strong>igitur</strong></span> <span class='ocrx_word' id='word_1_513' title='bbox 1163 2696 1262 2742; x_wconf 87' lang='lat' dir='ltr'><strong>apud</strong></span> <span class='ocrx_word' id='word_1_514' title='bbox 1295 2693 1469 2729; x_wconf 82' lang='lat' dir='ltr'><strong>Hebraeos</strong></span> <span class='ocrx_word' id='word_1_515' title='bbox 1501 2691 1610 2734; x_wconf 86' lang='lat' dir='ltr'><strong>olim,</strong></span> 
     </span>
     <span class='ocr_line' id='line_1_63' title="bbox 845 2741 1612 2790; baseline -0.01 -8"><span class='ocrx_word' id='word_1_516' title='bbox 845 2747 899 2782; x_wconf 92' lang='lat' dir='ltr'><strong>sic</strong></span> <span class='ocrx_word' id='word_1_517' title='bbox 922 2751 953 2781; x_wconf 89' lang='lat' dir='ltr'><strong>et</strong></span> <span class='ocrx_word' id='word_1_518' title='bbox 977 2744 1074 2790; x_wconf 85' lang='lat' dir='ltr'><strong>apud</strong></span> <span class='ocrx_word' id='word_1_519' title='bbox 1097 2743 1332 2779; x_wconf 81' lang='lat' dir='ltr'><strong>Christianos</strong></span> <span class='ocrx_word' id='word_1_520' title='bbox 1350 2741 1477 2783; x_wconf 87' lang='lat' dir='ltr'><strong>modo,</strong></span> <span class='ocrx_word' id='word_1_521' title='bbox 1495 2749 1612 2775; x_wconf 86' lang='lat' dir='ltr'><strong>cons-</strong></span> 
     </span>
     <span class='ocr_line' id='line_1_64' title="bbox 846 2786 1613 2840; baseline -0.012 -10"><span class='ocrx_word' id='word_1_522' title='bbox 846 2794 969 2840; x_wconf 84' lang='lat' dir='ltr'><strong>persio</strong></span> <span class='ocrx_word' id='word_1_523' title='bbox 990 2791 1128 2828; x_wconf 84' lang='lat' dir='ltr'><strong>eineris</strong></span> <span class='ocrx_word' id='word_1_524' title='bbox 1147 2791 1290 2826; x_wconf 88' lang='lat' dir='ltr'><strong>luctum</strong></span> <span class='ocrx_word' id='word_1_525' title='bbox 1301 2789 1439 2825; x_wconf 82' lang='lat' dir='ltr'><strong>indicat</strong></span> <span class='ocrx_word' id='word_1_526' title='bbox 1450 2792 1484 2823; x_wconf 88' lang='grc'><strong>81</strong></span> <span class='ocrx_word' id='word_1_527' title='bbox 1495 2786 1613 2832; x_wconf 85' lang='lat' dir='ltr'><strong>poeni·</strong></span> 
     </span>
     <span class='ocr_line' id='line_1_65' title="bbox 846 2834 1613 2878; baseline -0.01 -1"><span class='ocrx_word' id='word_1_528' title='bbox 846 2842 1015 2878; x_wconf 84' lang='lat' dir='ltr'><strong>tentiam.</strong></span> <span class='ocrx_word' id='word_1_529' title='bbox 1039 2840 1144 2874; x_wconf 89' lang='lat' dir='ltr'><strong>Certe</strong></span> <span class='ocrx_word' id='word_1_530' title='bbox 1165 2837 1275 2874; x_wconf 87' lang='lat' dir='ltr'><strong>multi</strong></span> <span class='ocrx_word' id='word_1_531' title='bbox 1308 2836 1428 2872; x_wconf 82' lang='lat' dir='ltr'><strong>sancti</strong></span> <span class='ocrx_word' id='word_1_532' title='bbox 1461 2834 1531 2870; x_wconf 85' lang='lat' dir='ltr'><strong>viri</strong></span> <span class='ocrx_word' id='word_1_533' title='bbox 1556 2834 1613 2870; x_wconf 90' lang='grc'><strong>18-</strong></span> 
     </span>
     <span class='ocr_line' id='line_1_66' title="bbox 845 2881 1614 2936; baseline -0.01 -11"><span class='ocrx_word' id='word_1_534' title='bbox 845 2894 984 2936; x_wconf 88' lang='lat' dir='ltr'><strong>guntur</strong></span> <span class='ocrx_word' id='word_1_535' title='bbox 1031 2887 1071 2922; x_wconf 91' lang='lat' dir='ltr'><strong>in</strong></span> <span class='ocrx_word' id='word_1_536' title='bbox 1111 2885 1326 2931; x_wconf 84' lang='lat' dir='ltr'><strong>symbolum</strong></span> <span class='ocrx_word' id='word_1_537' title='bbox 1378 2881 1614 2930; x_wconf 81' lang='lat' dir='ltr'><strong>poenitcntiae</strong></span> 
     </span>
     <span class='ocr_line' id='line_1_67' title="bbox 845 2930 1612 2980; baseline -0.008 -8"><span class='ocrx_word' id='word_1_538' title='bbox 845 2947 923 2972; x_wconf 87' lang='lat' dir='ltr'><strong>non</strong></span> <span class='ocrx_word' id='word_1_539' title='bbox 955 2934 1079 2970; x_wconf 78' lang='lat' dir='ltr'><strong>sotum</strong></span> <span class='ocrx_word' id='word_1_540' title='bbox 1112 2933 1238 2980; x_wconf 83' lang='lat' dir='ltr'><strong>capiti,</strong></span> <span class='ocrx_word' id='word_1_541' title='bbox 1262 2932 1326 2968; x_wconf 89' lang='lat' dir='ltr'><strong>sed</strong></span> <span class='ocrx_word' id='word_1_542' title='bbox 1358 2936 1395 2967; x_wconf 86' lang='grc'><strong>81</strong></span> <span class='ocrx_word' id='word_1_543' title='bbox 1429 2930 1515 2968; x_wconf 83' lang='grc'><strong>81110</strong></span> <span class='ocrx_word' id='word_1_544' title='bbox 1543 2939 1612 2966; x_wconf 90' lang='lat' dir='ltr'><strong>suo</strong></span> 
     </span>
     <span class='ocr_line' id='line_1_68' title="bbox 845 2977 1614 3028; baseline -0.01 -7"><span class='ocrx_word' id='word_1_545' title='bbox 845 2984 1013 3020; x_wconf 89' lang='lat' dir='ltr'><strong>cinerem</strong></span> <span class='ocrx_word' id='word_1_546' title='bbox 1051 2980 1287 3028; x_wconf 83' lang='lat' dir='ltr'><strong>inspersisse.</strong></span> <span class='ocrx_word' id='word_1_547' title='bbox 1348 2980 1403 3015; x_wconf 86' lang='lat' dir='ltr'><strong>Ita</strong></span> <span class='ocrx_word' id='word_1_548' title='bbox 1455 2977 1614 3014; x_wconf 81' lang='lat' dir='ltr'><strong>traditur</strong></span> 
     </span>
    </p>
   </div>
  </div>
 </body>
</html>
