1858 3146
14 56 18 59 ι
130 38 142 54 Y

1554 177 1630 219 491

32 263 35 267 ’
71 273 169 327 pied
187 275 333 314 contre
352 272 533 326 quelque
551 273 705 324 pierre.
726 270 836 321 lln'y
857 284 881 308 a
899 281 973 321 pas
994 269 1078 307 lieu
1099 270 1148 307 (18
1174 267 1324 319 garder
1344 265 1634 314 ,lesus-Christ,

71 338 134 379 lui
154 338 227 392 qui
245 337 313 379 u’a
330 337 422 377 rien
454 339 479 376 a
508 336 713 376 craindre.
739 351 758 371 n
778 335 884 375 C'est
920 333 962 372 la
981 332 1120 372 raison
1155 332 1289 371 meme
1319 344 1426 384 pour
1458 330 1637 383 laquelle

72 403 180 444 saint
198 403 381 444 Thomas
400 401 602 452 enseigue
622 413 702 453 que
722 397 1085 449 Notre-Seigneur
1104 397 1173 435 n'a
1191 409 1264 448 pas
1292 408 1343 435 eu
1364 396 1517 447 d’ange
1540 408 1637 448 gar-

74 469 187 519 dien,
208 480 278 507 car
296 467 357 507 les
374 478 503 518 auges
522 466 665 506 furent
685 477 747 505 ses
766 463 979 504 ministres
999 466 1040 502 et
1060 474 1123 501 ses
1144 461 1369 500 serviteurs
1390 463 1431 499 et
1458 473 1543 499 non
1564 472 1638 512 pas

73 544 136 573 ses
157 532 370 585 gardiens.

126 597 189 636 En
210 598 328 635 outre
349 596 479 635 Satan
506 595 654 634 mutile
682 595 741 634 les
761 592 925 646 paroles
957 592 1069 631 dela
1099 590 1234 630 sainte
1266 590 1475 637 Ecriture;
1509 602 1578 628 car
1609 589 1639 628 il

73 660 258 713 n'ajoute
279 672 353 712 pas
376 674 384 700 t
410 676 428 696 α
453 661 564 699 Dans
594 663 729 699 toutes
758 670 831 698 vos
861 657 988 696 voies.
1010 671 1030 692 »
1063 657 1117 696 Ce
1148 655 1207 695 fin
1236 655 1388 694 renard
1418 654 1556 694 uurait
1583 666 1640 705 pu

73 726 161 766 etre
179 726 265 778 pris
283 727 324 765 et
343 725 593 773 decouvert3
617 737 701 772 car,
723 723 818 763 bien
839 735 919 775 que
940 734 1007 760 ees
1027 720 1189 773 paroles
1209 720 1265 760 du
1286 718 1504 758 Psalmiste
1538 730 1638 758 eon-

72 790 259 831 vinsseut
289 792 314 830 a
342 789 631 839 Jesus-Christ,
667 789 697 828 il
730 788 816 827 s'en
850 788 1005 828 servait
1036 785 1268 838 rependant
1295 785 1419 824 d'uue
1451 783 1640 825 muniere

72 855 302 895 criminelle
320 867 427 907 pour
446 854 508 894 lui
520 854 738 894 conseiller
758 853 808 892 (18
829 864 871 892 58
882 851 1104 905 precipiter
1118 863 1171 890 en
1185 850 1274 890 bas.
1290 850 1470 889 Ecoutez
1486 860 1639 888 encore

71 920 178 960 saint
195 920 382 960 Bernard
399 932 408 959 ε
432 933 452 958 ι(
471 920 503 959 Ο
519 918 736 958 mechantl
751 918 871 966 Dieu,
893 915 1332 969 qu’a·t-ileomma1,3de
1347 917 1371 954 a
1391 927 1454 954 ses
1467 912 1639 965 Auges?

71 985 130 1025 De
149 985 187 1024 le
209 975 360 1036 garder
380 983 483 1023 daus
502 986 639 1023 tontes
659 995 721 1023 ses
743 983 869 1023 voles.
892 983 1034 1021 Est-ee
1067 982 1169 1020 dans
1199 981 1257 1020 les
1291 980 1403 1019 voies
1435 979 1508 1032 qui
1536 991 1639 1018 eon·

72 1048 237 1090 duisent
255 1051 280 1088 a
300 1048 497 1088 l'abime?
518 1047 663 1096 Quelle
684 1048 775 1088 voie
797 1051 922 1087 est-ee
944 1059 1025 1098 que
1044 1047 1094 1086 (18
1116 1060 1158 1086 58
1188 1045 1412 1098 precipiter
1450 1044 1504 1083 du
1538 1044 1640 1084 faite

74 1114 131 1154 du
151 1114 304 1166 temple
323 1127 375 1153 en
396 1113 501 1153 has?
523 1115 577 1154 Ce
598 1114 703 1153 u’est
722 1125 795 1165 pas
815 1125 899 1152 une
918 1112 1025 1160 voie,
1049 1111 1147 1151 e’est
1162 1123 1245 1150 une
1264 1110 1403 1157 chute,
1428 1112 1469 1148 81
1489 1109 1522 1148 51
1543 1109 1643 1148 8’851

74 1191 157 1219 une
180 1176 399 1225 votat-’est
417 1178 459 1218 la
478 1179 621 1218 tienne
641 1183 683 1218 et
696 1169 779 1218 uon
799 1190 873 1230 pas
893 1177 932 1216 la
953 1178 1111 1216 sienne.
1128 1190 1147 1213 n
1167 1177 1230 1216 En
1251 1175 1365 1226 effet,
1385 1176 1444 1214 les
1457 1175 1571 1214 voles
1586 1174 1637 1214 de

74 1243 180 1284 Dieu
199 1246 294 1283 sont
313 1255 405 1284 vers
424 1243 613 1292 l'Orient‚
638 1243 698 1283 les
716 1255 847 1294 anges
868 1254 973 1282 nous
992 1255 1019 1294 y
1047 1242 1315 1289 eouduisent3
1339 1240 1371 1279 si
1393 1239 1639 1292 quelqu’un,

76 1312 217 1348 contre
236 1308 328 1348 leur
348 1308 530 1358 voloute„
554 1308 703 1348 choisit
722 1307 951 1348 l'Occident
971 1311 1011 1347 et
1037 1307 1205 1346 l’abime
1238 1306 1412 1354 etei-uel,
1435 1303 1643 1357 pourquoi

75 1372 116 1414 le
139 1373 513 1425 garderaient—ils?

129 1438 268 1485 Rasin,
293 1438 420 1478 Satan
442 1450 560 1490 passe
579 1450 675 1477 sous
694 1437 847 1477 silence
874 1437 913 1477 18
945 1448 1121 1489 passage
1150 1436 1316 1476 suivant
1349 1436 1418 1488 qui
1453 1438 1514 1474 est
1546 1436 1569 1474 a
1599 1446 1644 1474 sa

76 1502 295 1542 confusion
320 1513 329 1541 :
356 1516 375 1540 (t
396 1504 509 1543 Vous
528 1502 768 1542 mareherez
783 1515 853 1541 sur
867 1501 1007 1553 l'aspic
1021 1506 1062 1540 et
1082 1501 1119 1540 le
1140 1500 1297 1551 basilio,
1311 1502 1511 1540 etc.—Tu
1529 1512 1644 1538 mon-

75 1569 159 1607 1185
180 1568 205 1606 a
224 1569 320 1616 tort,
346 1567 492 1617 Satan,
515 1567 576 1606 dit
595 1566 702 1606 saint
722 1568 736 1606 1
743 1579 871 1618 gnane
891 1566 969 1619 (ep.
985 1568 1010 1606 8
1023 1565 1088 1605 ad.
1109 1564 1296 1618 Plu·le·p.),
1320 1577 1401 1617 que
1423 1564 1644 1604 l'Ecriture

78 1630 195 1685 parle
215 1631 265 1671 de
283 1631 578 1672 Jews-Christ.
599 1630 720 1679 Dieu,
744 1631 803 1670 lui
825 1631 974 1680 dis-tu,
997 1643 1020 1670 a
1053 1630 1242 1670 ordonue
1273 1632 1299 1670 a
1333 1642 1396 1669 ses
1429 1641 1560 1681 anges
1593 1629 1643 1669 de

74 1695 255 1751 prendre
269 1696 361 1736 soin
383 1696 432 1736 de
452 1709 569 1747 vous,
592 1700 638 1736 tu
658 1696 736 1736 fais
755 1695 960 1735 semblaut
980 1695 1194 1746 d'ignorer
1213 1694 1251 1734 le
1272 1698 1380 1734 reste
1406 1706 1457 1734 en
1479 1693 1641 1734 l'omet-

74 1764 168 1802 tant
187 1763 476 1801 secretemeut.
500 1761 683 1801 N'est·ce
702 1773 776 1814 pas
795 1761 844 1800 (18
866 1761 925 1800 toi
945 1765 987 1800 et
1006 1761 1056 1800 de
1079 1764 1138 1800 tes
1169 1760 1381 1800 ministres
1413 1759 1514 1811 qu'il
1535 1772 1559 1799 a
1579 1761 1644 1799 818

77 1826 140 1866 dit
159 1838 259 1866 avec
277 1827 417 1865 raison
440 1839 450 1865 2
473 1827 586 1867 Vous
604 1826 846 1866 marchei-ez
866 1838 936 1864 sur
955 1825 1099 1878 l'aspie
1119 1830 1161 1864 et
1185 1838 1256 1864 sur
1288 1825 1325 1864 18
1348 1824 1522 1864 basilic?
1544 1839 1564 1862 »
1589 1825 1643 1864 Le

76 1895 294 1943 trompeur
314 1903 431 1943 passe
451 1890 557 1930 donc
577 1903 671 1930 sous
692 1890 844 1930 silence
865 1902 909 1930 88
930 1891 1003 1942 qui
1023 1893 1085 1929 est
1103 1902 1210 1942 pour
1231 1890 1290 1929 lui
1310 1903 1366 1929 un
1387 1889 1498 1940 sujet
1518 1889 1640 1928 d'hu·

77 1956 287 1997 miliation
308 1959 349 1996 et
369 1956 420 1996 de
439 1956 621 2008 mepris;
643 1955 673 1994 il
692 1959 753 1995 est
772 1955 994 1994 lui-meme
1014 1958 1080 1994 cet
1098 1954 1213 2006 aspie
1237 1957 1280 1994 et
1299 1966 1344 1994 88
1364 1954 1507 1994 basilio
1526 1954 1642 1994 veni·

497 194 675 224 paemen
702 192 915 223 emmena
944 192 996 219 nn
1026 182 1207 220 canente.

81 2103 205 2129 suum.
249 2091 335 2130 Nou
382 2096 436 2128 851
474 2092 573 2138 quud
611 2091 842 2128 custodiatur

80 2140 264 2183 Christus,
286 2140 347 2176 eui
381 2150 458 2176 non
490 2144 545 2176 851
576 2140 674 2186 quod
708 2139 841 2175 timea-

81 2192 155 2224 tur.
179 2203 194 2221 »
220 2187 417 2234 Propterea
437 2187 549 2223 etiam
570 2191 719 2224 sanctus
740 2186 841 2222 Tho-

81 2245 163 2272 mas
194 2235 301 2271 (18881
333 2234 520 2270 Christum
553 2245 632 2271 non
669 2234 843 2270 habuisse

81 2282 265 2329 Angelum
313 2283 530 2326 custodem3
570 2282 702 2328 Angeli
741 2282 842 2318 enim

81 2329 234 2367 fuerunt
254 2329 333 2376 eJus
354 2330 517 2365 ministri
537 2334 573 2366 81
592 2330 702 2376 servi,
723 2333 843 2366 custo-

82 2377 149 2414 des
167 2381 291 2414 autem
312 2387 389 2413 non
411 2377 527 2413 suere.

134 2425 274 2461 Deinde
323 2425 522 2461 detruncat
571 2424 682 2460 Satan
732 2423 844 2460 verba

84 2472 277 2520 scriptura}
296 2472 420 2515 illius,
448 2482 519 2508 nec
539 2472 642 2508 enim
666 2471 769 2508 addit
794 2471 843 2506 il-

82 2518 147 2556 lud
165 2530 196 2556 :u
214 2520 258 2556 In
273 2519 450 2556 omnibus
464 2519 534 2555 viis
549 2520 635 2555 tuis.
654 2519 765 2565 »Capi
782 2518 843 2555 hie

83 2571 120 2604 et
156 2567 278 2614 detegi
322 2567 504 2614 potuisset
541 2566 654 2602 fallax
698 2566 840 2613 vulpes.

85 2613 184 2651 Licet
222 2614 326 2650 enim
363 2615 509 2651 Christo
557 2613 693 2650 Psalmi
732 2614 843 2650 verba

85 2661 344 2706 convenirent,
364 2662 482 2708 impie
507 2666 631 2698 tamen
669 2661 716 2698 ad
754 2671 842 2697 sua-

85 2709 251 2746 dendum
278 2709 531 2756 praeeipitium
552 2709 629 2746 illis
657 2707 841 2745 utebatur.

86 2755 180 2792 Audi
206 2755 340 2793 iterum
362 2761 536 2794 sanetum
568 2757 797 2793 Bernardum
833 2766 841 2792 t

92 2801 239 2856 QQuid,
260 2814 282 2840 o
301 2804 481 2850 maligne,
503 2804 654 2850 Angelis
683 2804 844 2840 manda-

86 2851 165 2885 vit?
181 2849 337 2898 Nempe,
357 2856 398 2888 ut
417 2852 632 2888 custodiant
652 2851 691 2887 in
717 2851 844 2888 omni-

86 2894 159 2932 bus
196 2897 278 2935 viis.
309 2898 409 2938 Num
437 2900 501 2936 uid
531 2899 572 2936 in
603 2898 847 2946 praecipitiis?

89 2943 217 2998 Qualis
233 2945 294 2981 via
313 2945 392 2983 haec
411 2910 458 2983 de
475 2946 681 2994 pinnaculo
715 2946 845 2993 templi

87 2994 236 3029 mittere
267 3002 307 3029 se
335 2993 534 3040 deorsum?
570 2994 656 3032 Non
693 2997 749 3031 est
787 2994 847 3030 via

882 2091 977 2134 baee,
1007 2091 1072 2127 sed
1095 2091 1231 2135 ruina3
1260 2095 1296 2127 81
1329 2090 1359 2126 51
1393 2090 1450 2126 via
1480 2095 1549 2134 est,
1584 2094 1646 2126 tua

880 2143 950 2182 est,
973 2149 1048 2174 non
1080 2138 1196 2174 illius.
1236 2152 1250 2170 ι
1286 2137 1430 2184 Nempe
1468 2139 1535 2173 viae
1575 2138 1641 2174 Dei

881 2190 968 2222 sunt
987 2186 1033 2222 ad
1053 2186 1261 2229 Orientem,
1282 2186 1373 2222 illue
1399 2186 1539 2221 ducunt
1573 2195 1644 2222 nos

882 2233 1011 2280 Angeli
1030 2250 1038 2274 ;
1061 2234 1090 2269 si
1112 2234 1195 2279 quis
1215 2238 1344 2270 eontra
1363 2243 1493 2269 eorum
1517 2232 1646 2268 volun-

883 2286 995 2317 tatem
1017 2281 1260 2317 Occidentem
1282 2281 1393 2326 eligat
1413 2285 1448 2316 et
1468 2281 1644 2327 praecipi-

882 2329 988 2373 tium,
1006 2338 1073 2364 cur
1092 2329 1348 2365 custodirent?

931 2376 1112 2421 Denique,
1144 2380 1241 2412 tacet
1273 2375 1371 2422 quod
1405 2374 1572 2420 sequitur
1603 2373 1644 2411 in

881 2423 1145 2460 confusionem
1166 2434 1273 2459 suam
1308 2434 1316 2459 ;
1356 2436 1370 2453 ⁴·-
1405 2424 1522 2468 Super
1540 2422 1644 2468 aspi-

881 2471 967 2507 dem
987 2476 1022 2507 et
1042 2471 1260 2507 basiliscum
1281 2469 1507 2513 ambulabis,
1528 2475 1600 2506 818.
1626 2483 1640 2500 »1

883 2519 988 2556 Unde
1021 2523 1173 2555 sanetus
1206 2519 1387 2565 lgnauus,
1418 2528 1477 2563 ep.
1500 2528 1563 2554 vm
1597 2516 1645 2553 ad

883 2566 1018 2612 Philip.
1064 2579 1077 2596 «
1108 2566 1229 2610 Falso,
1273 2576 1295 2602 o
1338 2566 1464 2610 Satan,
1508 2564 1643 2601 obten-

881 2614 939 2650 dis
976 2614 1200 2660 scripturam
1238 2613 1284 2649 de
1317 2612 1463 2648 Christo
1493 2612 1642 2648 dicere:

883 2661 1033 2707 Angelis
1053 2661 1132 2697 suis
1163 2661 1353 2696 mandavit
1374 2660 1419 2695 de
1440 2664 1490 2704 te,
1511 2662 1645 2696 caetera

882 2708 1038 2744 simulas
1069 2712 1104 2744 te
1137 2708 1324 2754 ignorare,
1345 2707 1474 2743 furtim
1495 2706 1644 2743 subtra-

884 2756 979 2792 hens
1008 2766 1063 2791 ea.
1086 2758 1146 2791 An
1180 2766 1256 2791 non
1277 2755 1323 2791 de
1347 2759 1379 2790 te
1401 2755 1548 2800 tuisque
1569 2754 1644 2791 mi-

884 2803 1013 2839 nistris
1030 2803 1171 2839 dietum
1193 2807 1247 2838 851
1264 2802 1363 2848 justo
1381 2812 1388 2838 :
1405 2803 1522 2848 Super
1541 2801 1645 2848 aspi-

883 2851 968 2887 dem
990 2854 1025 2886 et
1047 2850 1266 2886 basiliscum
1285 2849 1528 2886 ambulabis?
1549 2865 1563 2882 a·
1594 2849 1646 2886 De

884 2909 950 2934 sua
970 2908 1058 2944 ergo
1077 2897 1366 2934 conculcatione
1386 2902 1441 2934 ter
1468 2898 1645 2934 118158101-

885 2949 1001 2988 taccu
1036 2945 1116 2991 ipse
1148 2949 1203 2981 est
1241 2945 1342 2992 aspis
1373 2949 1408 2980 et
1496 2944 1646 2986 51115885

865 3002 1112 3044 Jenenosus,
1131 2992 1211 3039 ipse
1231 2992 1290 3030 leo
1309 2997 1344 3030 81
1363 2992 1499 3038 draco;
1519 2991 1643 3040 ipsum
