1858 3146
196 139 249 180 οι
617 143 666 173 LE.
695 143 897 174 unorum
924 144 999 174 885
1028 135 1348 174 11188181118885.

198 230 242 267 81
259 226 331 265 des
349 223 564 264 embarres
582 222 639 262 du
659 223 865 275 mariage,
889 234 991 262 vous
1012 222 1232 275 pratiquez
1253 231 1308 260 88
1327 218 1469 260 moins
1486 219 1712 260 l’humilite
1731 223 1774 261 et

197 290 240 331 18
258 289 464 342 patience.

251 357 295 396 3ο
317 354 582 403 Considera,
605 353 947 401 troisiemement‚
967 363 1048 404 que
1068 352 1132 391 s’il
1150 363 1255 391 vous
1275 353 1337 390 est
1355 349 1512 402 permis
1531 349 1582 390 de
1599 350 1695 390 heir
1713 349 1774 390 les

197 420 307 461 vices
325 420 376 460 de
395 422 513 459 votre
532 421 684 471 epoux‚
707 418 738 457 il
757 429 860 458 vous
879 421 942 458 851
962 417 1144 457 defendu
1163 416 1214 456 de
1234 416 1330 455 hair
1350 427 1396 454 58
1414 426 1643 467 personne3
1666 427 1774 455 vous

197 486 324 527 devez
341 497 396 524 88
415 484 624 524 contraire
642 483 822 533 l'aimer‚
842 494 966 535 parce
987 482 1141 534 qu'elle
1162 493 1264 521 vous
1285 483 1349 520 851
1368 481 1468 519 8818
1488 492 1566 532 par
1586 480 1646 520 les
1667 480 1774 520 11885

197 550 255 591 (18
274 550 413 591 Christ
441 551 485 589 et
516 549 621 588 faire
652 551 747 588 1885
779 560 850 587 vos
882 548 1028 587 efforts
1057 559 1165 600 pour
1195 547 1234 586 le
1270 557 1434 598 gagner
1454 544 1577 584 8181.
1601 544 1647 585 Si
1671 555 1775 584 vous

197 616 331 657 aimez
349 617 469 655 votre
487 613 594 653 mari
614 615 639 653 8
657 625 781 653 88858
801 613 853 652 (18
873 624 918 652 58
938 613 1138 660 (1888881,
1160 611 1210 651 (18
1231 623 1295 650 585
1314 611 1478 659 1188185,
1503 609 1554 649 (18
1586 621 1650 649 585
1678 610 1774 662 pre-

196 692 419 730 venanceS,
437 679 488 719 de
508 691 554 718 sa
572 678 727 718 facilite
748 681 773 717 8
791 689 836 717 58
854 677 1000 717 laisser
1019 677 1194 729 diriger,
1212 676 1310 728 quel
1330 675 1480 715 merite
1502 674 1774 715 aurez-vous?

198 746 342 794 Quelle
359 747 631 796 recompenso
650 754 956 794 pourrez-vous
984 741 1177 794 esperer?
1213 741 1258 781 Si
1290 753 1394 781 vous
1427 740 1591 780 l'aimez
1611 738 1774 791 malgre

198 822 261 852 ses
281 811 452 858 coleres,
476 821 542 849 ses
561 810 904 860 emportements‚
928 820 1003 846 son
1039 808 1248 846 caractere
1279 806 1501 858 hargneux
1530 808 1572 844 81
1603 805 1772 844 188885-

201 878 306 923 1881,
329 887 433 914 vous
451 886 556 914 vous
576 877 728 914 tressez
747 885 832 912 une
852 872 961 912 helle
981 883 1209 921 couronne‚
1234 884 1304 911 car
1335 883 1439 911 vous
1473 869 1636 910 l’aimez
1667 881 1775 922 pour

198 941 319 981 Dieu.
341 940 448 980 c’est
467 939 573 978 ainsi
594 950 677 990 que
696 938 734 978 18
755 938 895 978 Christ
909 950 934 976 8
953 939 1152 989 supporte
1186 948 1284 976 avec
1309 936 1502 988 patience
1534 936 1572 975 18
1591 935 1712 987 poids
1732 938 1781 975 et.

198 1005 259 1046 les
276 1004 426 1057 8881185
446 1004 498 1043 (18
517 1002 687 1054 l’Eglise
707 1014 781 1043 son
802 1004 971 1055 888858,
994 1005 1036 1041 81
1056 1001 1116 1041 185
1135 1013 1159 1040 8
1179 1001 1321 1053 expies
1341 1014 1394 1041 en
1414 1001 1475 1041 les
1507 1001 1652 1040 lavant
1670 999 1775 1039 (1885

198 1082 274 1111 588
293 1082 415 1121 sang.

258 1138 302 1174 4⁰
323 1134 463 1174 Faites
494 1132 610 1172 enfin
638 1133 746 1171 cette
768 1130 1005 1182 quau-ieme
1025 1129 1352 1169 consideration.
1374 1131 1452 1170 Les
1471 1130 1683 1182 mariages
1702 1129 1775 1169 des

197 1199 328 1240 saints
347 1199 466 1238 n’ont
483 1209 558 1249 pas
576 1198 642 1236 818
662 1200 852 1247 exempts
872 1195 923 1234 de
943 1206 1009 1234 885
1028 1194 1187 1246 881885,
1210 1196 1267 1244 81,
1288 1194 1386 1234 bien
1407 1194 1496 1233 loin
1518 1194 1570 1234 de
1596 1194 1775 1234 relentir

198 1265 291 1305 leur
309 1263 478 1303 marche
497 1262 600 1302 dans
621 1261 663 1300 18
681 1261 775 1301 voie
802 1260 858 1300 du
890 1260 1013 1307 salut,
1038 1259 1140 1299 elles
1169 1260 1262 1299 leur
1293 1262 1369 1299 ont
1401 1258 1512 1299 servi
1544 1261 1570 1298 8
1590 1270 1775 1300 amasset·

198 1341 284 1370 une
303 1329 398 1381 plus
420 1328 580 1380 grande
599 1327 842 1366 abondance
862 1326 913 1366 (18
931 1329 1090 1365 vertus.
1111 1326 1253 1376 Voyez
1283 1325 1323 1364 18
1355 1325 1466 1364 58181
1495 1324 1667 1364 homme
1694 1324 1775 1365 Joh

198 1406 254 1435 88
273 1394 419 1434 milieu
438 1393 490 1433 de
509 1404 573 1432 ses
592 1391 834 1431 afssictions.
856 1391 888 1430 Il
922 1393 985 1430 est
1014 1391 1255 1430 tourmente
1285 1402 1362 1442 par
1393 1391 1452 1430 les
1479 1390 1703 1442 reproches
1722 1390 1775 1430 de

199 1471 245 1499 58
263 1459 437 1507 femme,
459 1460 609 1509 888558
628 1469 705 1509 par
725 1456 805 1496 elle
826 1469 880 1496 88
898 1455 1167 1507 1)1858118818;
1190 1455 1288 1495 c'est
1307 1455 1418 1495 alors
1439 1455 1660 1507 qu’eclata,
1682 1467 1774 1496 ma-

203 1523 393 1577 gnifique
425 1525 467 1563 et
499 1521 824 1574 incomperahle,
859 1533 904 1560 58
935 1521 1128 1573 88118888
1160 1524 1203 1561 81
1233 1533 1279 1560 58
1317 1520 1525 1560 constance
1563 1532 1617 1560 en
1648 1520 1772 1562 Dieu.

200 1590 354 1641 Voyez,
376 1600 543 1638 encore,
565 1587 701 1627 581818
722 1586 936 1638 Monique,
958 1586 1140 1639 l'epouse
1158 1586 1260 1625 d'un
1293 1586 1464 1626 homme
1496 1585 1576 1625 dur
1606 1589 1649 1626 et
1679 1586 1771 1625 vio-

198 1654 304 1695 lent.
324 1656 359 1693 A
379 1654 492 1692 force
511 1653 562 1692 de
586 1652 780 1704 patience
799 1657 840 1691 et
859 1651 910 1691 de
930 1651 1131 1701 douceur‚
1154 1650 1233 1691 elle
1269 1650 1435 1703 change
1454 1662 1528 1690 588
1548 1652 1774 1700 caractere,

197 1717 238 1759 le
256 1718 427 1759 domine
445 1721 488 1758 81
506 1717 544 1757 18
564 1716 769 1757 convertit
789 1718 814 1756 8
832 1716 874 1756 18
892 1716 967 1756 foi.
990 1716 1092 1756 Mais
1111 1716 1210 1755 lisez
1231 1727 1284 1755 en
1304 1715 1432 1755 detail
1452 1719 1546 1755 tous
1567 1727 1633 1756 ces
1653 1716 1772 1766 faits,

199 1783 305 1824 dans
323 1786 444 1823 notre
463 1782 586 1823 truite
607 1782 663 1822 du
682 1781 873 1833 mariage
889 1794 899 1821 ε
916 1793 983 1822 885
996 1780 1400 1821 88811851811851885
1414 1780 1510 1821 8’88
1525 1784 1622 1821 sont
1635 1780 1770 1834 qu’un

200 1848 370 1889 extruit.

200 1984 626 2022 saltem'humilitatcm
670 1989 706 2021 81
744 1984 967 2031 patientiam

1054 1985 1205 2028 Quarto.
1246 1984 1466 2020 Considerct
1508 1984 1548 2019 in
1585 1981 1773 2029 conjugiis

201 2032 339 2069 diseas.

1006 2031 1229 2068 Sanctorum
1270 2031 1414 2068 similes
1453 2031 1658 2078 contigisse
1690 2031 1773 2077 spi·-

249 2079 387 2117 Tcrtio.
411 2079 627 2116 consideret
648 2090 686 2115 sc
718 2078 890 2124 conjugis
910 2078 965 2115 vi-
1006 2090 1101 2123 nas;
1124 2084 1160 2115 ct
1187 2083 1333 2115 mutum
1383 2079 1500 2123 abest,
1538 2083 1577 2115 81
1605 2079 1660 2116 815
1691 2078 1774 2115 haec

202 2126 254 2164 tia
272 2137 382 2174 posse
401 2127 487 2163 odio
510 2126 661 2170 habere,
683 2130 720 2162 81
751 2137 965 2172 personam,

202 2179 245 2212 ut
264 2179 350 2221 pote
370 2173 442 2210 sibi
463 2174 600 2210 Christi
622 2173 773 2210 vinculo
788 2173 966 2219 conjunc-

203 2226 295 2267 tam,
315 2232 442 2258 amare
473 2221 622 2266 debere,
658 2226 693 2257 81
728 2226 895 2266 satagere
927 2226 968 2257 ut

203 2280 288 2307 eam
309 2269 423 2316 possit
445 2268 591 2305 Christo
613 2268 762 2305 lucrari.
785 2269 821 2304 Si
851 2269 966 2304 mari·

207 2323 286 2354 tum
319 2316 457 2362 diligis,
486 2317 572 2363 quin
606 2315 742 2358 bonuS,
765 2315 964 2362 1188181185,

205 2364 341 2407 facilis,
362 2374 473 2410 quam
508 2363 719 2400 men-eodem
749 2374 874 2411 speras
893 2367 907 2400 ?
927 2365 969 2400 At

204 2413 237 2449 si
260 2412 463 2448 iracundus
483 2416 552 2455 cst,
573 2410 754 2455 difficilis,
778 2411 969 2447 turbulen-

207 2463 277 2506 tus,
295 2464 331 2496 81
363 2458 503 2505 diligis,
531 2469 710 2495 coronam
746 2457 812 2495 libi
847 2458 965 2494 subri-

206 2517 281 2551 8115,
304 2506 391 2552 quia
412 2510 561 2553 propter
595 2507 711 2543 Duum
744 2506 883 2548 dilig-vis.
906 2507 968 2542 Sic

206 2554 376 2590 Christus
397 2564 512 2590 onera
537 2557 573 2590 81
606 2558 758 2600 peccatu
792 2553 969 2590 Ecclesiae

206 2601 360 2654 Sponsfc
393 2600 686 2656 suae-patienter
717 2600 811 2646 tulit,
835 2606 871 2638 81
902 2611 969 2637 suo

207 2658 390 2693 sanguine
409 2654 586 2695 expiavit.

1007 2127 1046 2163 in
1067 2126 1198 2162 salutis
1212 2126 1453 2173 dispendium
1467 2126 1661 2167 cesserint,
1679 2125 1774 2172 quin

1007 2174 1130 2220 polius
1150 2174 1196 2210 ad
1218 2174 1399 2220 majorem
1429 2179 1592 2220 segetem
1625 2173 1774 2220 perfee-

1009 2222 1121 2258 tionis
1151 2222 1390 2266 profecerint.
1413 2222 1451 2258 Si
1476 2221 1513 2257 in
1544 2221 1678 2257 mediis
1711 2220 1772 2256 us-

1008 2269 1237 2305 motionibus
1258 2275 1431 2305 sanctum
1452 2269 1521 2306 Job
1542 2279 1636 2305 uxor
1651 2272 1771 2313 vexat,

1007 2322 1040 2352 81
1062 2317 1107 2352 nd
1142 2316 1479 2362 blasphemandum
1514 2316 1705 2363 impellit:
1734 2319 1774 2351 at

1010 2370 1099 2401 tunc
1119 2365 1200 2411 ejus
1222 2365 1359 2401 liducia
1379 2370 1415 2401 81
1441 2364 1621 2412 patientia
1653 2363 1774 2410 magis

1008 2411 1156 2447 8811811.
1173 2413 1225 2447 Sit
1247 2417 1377 2449 sancta
1398 2411 1546 2449 Monica
1566 2413 1687 2449 virum
1707 2421 1775 2447 581-

1009 2470 1094 2495 vum
1117 2464 1240 2501 nacla,
1263 2460 1443 2506 patientia
1477 2464 1602 2496 lumen
1636 2463 1671 2495 et
1704 2458 1774 2495 be-

1009 2506 1191 2550 nimiunn
1214 2507 1319 2543 illum
1341 2507 1444 2550 vicit,
1465 2512 1502 2544 81.
1521 2506 1705 2544 convertit
1724 2505 1773 2543 ad

1010 2553 1136 2590 lidum.
1161 2554 1250 2590 Vide
1272 2554 1351 2591 lunc
1371 2555 1481 2591 latius
1514 2554 1551 2591 in
1598 2554 1773 2590 Traclntu

1009 2606 1137 2638 nostro
1158 2602 1204 2638 (18
1233 2602 1487 2647 111818818818,
1508 2613 1552 2639 ex
1586 2611 1658 2649 quo
1691 2600 1773 2637 hoec

1007 2649 1280 2696 decerpsimus.
