1858 3146
10 60 30 71 Α
5 0 31 53 ,31:-

1570 134 1648 174 375

81 257 139 300 da
157 253 326 301 monde,
344 249 552 304 plusieurs
571 247 644 286 ont
665 243 731 284 ete
749 235 966 284 ensevelis,
984 246 1039 274 83
1058 244 1105 272 88
1123 233 1261 281 temps
1280 228 1331 267 de
1350 221 1648 270 Bacchanales,

81 323 188 365 dans
205 320 389 361 l’ivresse
409 318 451 355 et
468 314 508 354 le
527 311 615 359 vin,
637 311 680 349 et
699 308 773 348 ont
791 303 939 345 trouve
956 298 1121 340 hientot
1139 307 1199 334 un
1220 291 1407 345 sepulcre
1427 290 1527 329 dans
1546 287 1653 327 l’en-

79 388 163 430 fer.
183 384 503 436 Quelques-uns‚
538 376 661 429 apres
691 372 814 412 s'etre
846 366 1024 413 enivres‚
1047 363 1122 402 031
1155 359 1303 400 trouve
1334 358 1375 396 la
1406 356 1519 395 mort
1550 353 1655 392 3335

81 452 196 494 18315
216 446 444 504 querelles;
466 444 525 483 les
546 453 627 480 uns
651 435 881 479 vomissant
911 442 958 470 ce
989 426 1113 480 qu’ils
1144 423 1314 465 avaient
1343 421 1401 460 bu
1421 422 1463 459 et
1482 417 1654 469 mange,

85 520 161 559 ont
180 514 295 557 vomi
313 513 407 552 leur
426 519 534 559 sang
554 518 607 546 en
636 503 774 544 meme
804 501 940 549 temps
971 505 1053 547 que
1077 491 1171 532 leur
1202 488 1289 536 vie;
1324 486 1384 526 les
1416 485 1554 524 autres
1586 482 1659 520 031

83 582 234 623 trouve
254 579 360 619 dans
378 575 469 615 leur
490 572 645 611 ivresse
663 568 707 607 13
724 566 837 606 mort
855 574 909 602 en
935 560 1074 599 meme
1104 559 1240 606 temps
1270 563 1352 605 que
1379 550 1420 590 18
1450 544 1659 594 501313811,

86 645 302 701 oppresses
321 643 363 681 et
381 641 473 678 tues
491 647 567 689 par
588 629 838 685 l'asphyxie.

141 709 260 753 Voici
280 718 325 747 ce
346 703 419 758 qui
438 702 593 750 arriva‚
616 700 641 738 a
661 698 784 737 notre
804 695 983 745 epoque‚
1006 701 1059 728 en
1079 687 1163 726 l'an
1185 684 1288 724 1595
1309 682 1414 722 dans
1433 679 1475 719 la
1492 676 1592 718 ville
1611 675 1664 715 de

87 770 354 819 Baccharach
375 767 518 822 (qu’on
538 764 644 804 croit
663 760 770 802 ainsi
788 759 984 799 nommee
1000 756 1024 794 3
1043 763 1167 793 83358
1179 750 1279 789 (1’33
1293 746 1407 787 33181
1422 743 1496 798 qui
1514 755 1542 795 y
1561 739 1665 782 etait

87 841 203 882 eleve
224 841 249 878 3
267 832 490 885 Β3881135.)
508 832 571 871 Ε3
592 841 638 869 88
656 827 796 867 meme
816 820 1038 864 dimanche
1067 818 1118 858 de
1138 817 1179 856 13
1210 809 1584 865 Quinquagesime‚
1605 817 1666 846 un

85 907 267 956 ivrogne
292 900 375 942 3113
395 910 450 939 33
469 896 637 936 cabaret
655 904 763 946 pour
784 901 826 929 se
845 889 987 931 livrer,
1007 883 1123 924 selon
1149 894 1193 920 sa
1214 881 1424 924 coutume,
1449 877 1474 914 3
1492 874 1534 914 13
1551 871 1665 912 bois-

88 983 177 1021 son,
200 981 256 1009 au
271 967 346 1020 jeu
366 967 408 1005 et
427 965 571 1007 331185
590 955 924 1002 abominations;
946 963 1021 991 son
1042 951 1211 1002 830358,
1233 957 1304 984 531
1335 943 1374 982 18
1402 940 1524 994 30131
1554 937 1666 978 d'ac-

89 1034 283 1082 eoueher,
308 1032 347 1071 le
368 1028 497 1070 suivit
515 1037 623 1080 pour
643 1021 830 1063 l'avertir
849 1022 892 1060 et
911 1018 950 1057 18
971 1025 1167 1056 13318381·
1193 1011 1292 1051 chez
1322 1007 1417 1048 elle.
1452 1006 1545 1045 Non
1567 1014 1668 1043 con-

89 1102 183 1142 tent
202 1099 254 1139 de
272 1095 474 1148 mepriser
494 1103 558 1132 ses
578 1099 784 1136 13833885,
807 1085 847 1124 18
867 1082 977 1124 13311
996 1081 1036 1120 13
1056 1079 1203 1131 srappe
1235 1078 1278 1115 et
1310 1074 1352 1114 la
1371 1072 1513 1112 chasse
1533 1081 1587 1109 en
1607 1066 1670 1107 lui

91 1166 229 1208 disant
251 1176 261 1204 :
283 1176 303 1200 «
322 1163 489 1203 Va-t-ea
500 1168 600 1198 avec
619 1155 659 1195 le
679 1154 831 1193 demon
851 1150 996 1189 vivant
1015 1157 1097 1198 que
1115 1150 1162 1183 tu
1181 1144 1323 1194 portes
1342 1139 1447 1178 dans
1466 1139 1540 1175 ton
1560 1133 1668 1182 sein,

90 1231 329 1273 3311813831
343 1226 387 1278 Je
406 1229 448 1264 te
467 1226 553 1262 tue.
577 1237 596 1257 »
625 1234 644 1258 «
665 1214 911 1260 Vraiment‘?
928 1214 971 1264 je
990 1213 1109 1264 porte
1130 1220 1188 1248 un
1208 1207 1365 1246 demon
1384 1203 1546 1250 vivant,
1560 1215 1579 1235 »
1602 1199 1670 1238 re-

92 1295 209 1350 pond
227 1291 407 1334 celle-ei.
429 1291 482 1329 Et
502 1299 598 1327 sans
618 1285 711 1325 rien
731 1282 913 1334 ajouter,
936 1277 1015 1318 8118
1036 1283 1235 1315 retourne
1268 1271 1373 1310 dans
1406 1280 1452 1307 53
1470 1267 1671 1306 demeare

94 1361 229 1402 eules
247 1357 446 1399 30318315
466 1354 518 1394 38
538 1349 864 1392 l'enfantement
883 1356 926 1384 58
946 1343 1073 1383 111831
1090 1338 1266 1380 33551101
1281 1334 1412 1375 sentir
1432 1334 1475 1372 et
1493 1331 1573 1371 elle
1592 1328 1672 1368 mit

94 1438 150 1467 33
170 1423 325 1465 130338
344 1434 404 1462 33
426 1418 613 1459 13035118
631 1412 833 1462 1101111118,
856 1407 1084 1450 semblable
1104 1416 1182 1457 par
1211 1402 1366 1441 devant
1395 1401 1437 1438 et
1468 1408 1545 1448 par
1576 1394 1672 1435 der·

93 1491 210 1532 niere
230 1491 255 1529 3
274 1500 333 1528 33
354 1487 520 1537 serpent
539 1483 582 1521 et
601 1481 731 1532 ayant
751 1488 834 1517 une
863 1484 999 1527 queue
1030 1471 1188 1521 longue
1221 1467 1273 1506 de
1304 1464 1408 1505 trois
1440 1472 1587 1502 33385.
1614 1459 1674 1499 Le

94 1554 206 1597 mari
219 1554 365 1605 ayant,
387 1549 490 1589 (1335
509 1548 548 1588 18
562 1545 637 1599 jeu
658 1547 700 1584 et
718 1542 760 1582 13
790 1540 973 1586 11015503,
994 1534 1173 1575 531151311
1192 1544 1236 1571 53
1254 1530 1440 1583 passion,
1474 1528 1675 1566 retourne

97 1621 195 1662 chez
221 1617 297 1658 lui.
330 1616 512 1656 Entrant
545 1612 648 1651 dans
680 1605 1006 1660 l’appartement
1037 1603 1093 1640 03
1124 1598 1229 1638 81311
1259 1597 1298 1636 18
1330 1592 1613 1639 nouveau-ne,
1635 1588 1676 1629 le

97 1686 286 1728 monstre
305 1683 424 1722 53318
444 1690 516 1719 531
535 1677 595 1717 131
614 1678 656 1716 81
676 1673 900 1724 l’enlacaut
919 1664 1166 1709 l’entortille
1197 1663 1302 1702 dans
1332 1671 1395 1698 ses
1427 1657 1555 1710 replis
1585 1658 1675 1695 tor-

97 1753 246 1798 tueux,
269 1747 300 1788 il
318 1747 357 1787 le
378 1756 532 1785 couvre
552 1742 602 1782 de
621 1740 793 1794 piqares
812 1735 1092 1780 venimeuses,
1113 1743 1168 1770 33
1188 1728 1308 1782 30131
1327 1726 1378 1766 de
1399 1725 1552 1765 mettre
1572 1720 1632 1760 fin
1652 1722 1678 1759 3

99 1827 147 1857 sa
177 1813 471 1854 malheureuse
502 1808 585 1848 vie.
619 1808 675 1846 Le
706 1803 815 1844 mari
845 1803 971 1849 mort,
1007 1798 1191 1850 l’epouse
1224 1795 1397 1833 mourut
1427 1788 1539 1830 aussi
1567 1792 1609 1827 et
1637 1786 1679 1826 18

100 1882 289 1923 13035118
309 1888 425 1918 88553
445 1875 496 1914 de
515 1873 644 1913 vivre.
667 1870 775 1911 C'est
793 1867 901 1908 ainsi
921 1877 1004 1918 que
1025 1862 1134 1903 celui
1147 1860 1221 1913 qui
1241 1858 1354 1899 avait
1373 1855 1551 1906 outrage
1571 1851 1677 1892 Dieu

492 165 705 199 minucius
734 163 785 192 DE
812 161 865 190 LA
892 146 1236 194 QUINQUAGESIME.

103 1969 1683 2010 —--—.-.--———-————-—

908 2061 1115 2098 reduceret.
1146 2056 1216 2093 Ille
1248 2056 1470 2090 monentem
1503 2059 1582 2085 303
1615 2049 1680 2084 5οἑ-

910 2110 989 2146 lum
1009 2104 1235 2146 contemnit,
1258 2102 1322 2138 583
1343 2105 1378 2137 81
1398 2097 1575 2146 38183111,
1598 2096 1681 2132 his-

910 2167 982 2204 que
1009 2154 1132 2191 verbis
1164 2151 1281 2197 abigit
1304 2160 1311 2185 :
1338 2163 1350 2181 α
1377 2147 1444 2183 Abi
1478 2155 1565 2182 cum
1597 2143 1681 2180 vivo

101 2077 267 2121 tingunt.
284 2073 432 2111 Scimus
452 2071 557 2107 enim
578 2069 619 2105 in
634 2067 747 2104 variis
766 2063 870 2101 orbis

102 2123 287 2173 partibus,
311 2121 369 2157 his
396 2116 695 2156 Bacchanalibus
729 2112 870 2150 multos

104 2171 285 2209 ebrietate
327 2173 364 2204 81
411 2167 500 2203 vino
546 2163 727 2210 sepultos,
781 2170 870 2196 mox

104 2219 220 2257 etiam
239 2215 483 2264 sepulchrum
505 2214 547 2250 in
578 2212 729 2248 inferno
761 2209 871 2244 inve-

104 2267 220 2304 nisse.
242 2264 404 2309 Quidam
432 2271 597 2307 namque
632 2262 715 2305 post
747 2260 870 2292 temu-

105 2313 264 2351 lentiam
301 2312 342 2348 13
381 2309 461 2347 rixa
507 2306 695 2345 interfecti
735 2304 873 2347 suere;

106 2361 175 2399 alii
216 2362 411 2398 vomentes
460 2357 591 2393 cibum
635 2358 672 2390 et
714 2356 873 2399 potum,

107 2409 222 2447 etiam
268 2406 495 2453 sanguinem
540 2403 792 2440 evomuerunt
839 2402 876 2434 et

109 2457 245 2500 vitam3
278 2455 343 2492 alii
363 2462 542 2490 somnum
562 2460 650 2486 cum
684 2451 806 2484 morte
836 2445 877 2481 in

111 2503 288 2542 ebrietate
341 2501 625 2547 conjunxerunt
649 2526 657 2540 ,
703 2494 877 2532 catharro

115 2559 178 2588 eos
196 2550 379 2588 obruente
399 2552 435 2585 et
455 2546 714 2584 interimente.

160 2597 255 2635 Audi
274 2597 376 2644 quid,
406 2605 510 2632 anno
537 2594 647 2637 4595,
670 2592 712 2627 13
735 2589 878 2636 033130

115 2644 350 2700 Baccbarach
388 2643 503 2690 (quod
536 2641 591 2677 sic
623 2651 644 2676 a
675 2638 881 2675 Bacchiara

116 2695 355 2729 nominatum
410 2689 623 2733 autumant)
680 2684 882 2732 eontigerit

118 2743 247 2793 nostra
270 2743 388 2776 aetate.
412 2738 573 2782 Quidam
607 2734 778 2772 ebriosus
812 2733 883 2768 hae

122 2785 320 2823 Dominiea
356 2783 690 2832 Quinquagesimae
728 2780 821 2817 abiit
842 2780 883 2816 in

122 2842 349 2888 cauponam,
398 2833 446 2870 ad
496 2830 811 2877 compotationes,
848 2831 885 2863 et

122 2880 225 2917 aleas
244 2883 280 2917 et
312 2879 522 2928 impietates
554 2879 649 2916 alias
682 2886 788 2913 more
817 2885 886 2911 suo

125 2926 367 2971 exercendas,
386 2927 484 2965 Uxor
513 2926 638 2974 partui
666 2924 793 2962 vicina
826 2933 887 2959 se-

127 2979 215 3014 cuia
234 2978 288 3012 esl
309 2983 411 3020 eum,
430 2978 471 3012 ut
488 2977 660 3012 moneret
679 2977 715 3010 et
731 2972 889 3009 domum

911 2210 974 2241 tuo
1021 2203 1210 2242 daemone,
1256 2206 1370 2243 quem
1415 2198 1521 2230 utero
1565 2191 1680 2238 geris,

911 2251 1054 2298 alioqui
1087 2254 1121 2285 tc
1155 2245 1414 2283 transfodiam.
1442 2256 1455 2273 υ
1489 2240 1560 2276 Illa
1592 2248 1680 2275 vero

914 2298 1108 2346 respondit
1132 2307 1140 2332 ;
1166 2310 1180 2328 (ι
1206 2295 1312 2330 Itane
1332 2302 1401 2337 ego
1436 2289 1562 2325 vivum
1596 2296 1684 2332 gero

913 2349 1128 2384 daemonem
1146 2345 1160 2378 Ρ
1185 2358 1198 2374 υ
1221 2341 1307 2379 Non
1329 2340 1437 2386 plura
1458 2337 1597 2378 locuta,
1617 2334 1682 2371 do-

914 2405 1021 2432 mum
1044 2398 1099 2430 est
1121 2400 1283 2431 reversa,
1303 2387 1526 2430 doloresque
1554 2386 1684 2428 partus

915 2444 1041 2480 statim
1062 2439 1194 2482 sensit,
1210 2442 1246 2473 et
1266 2439 1480 2472 monstrum
1501 2429 1686 2473 terribile,

915 2490 1106 2528 anteriore
1126 2491 1161 2522 et
1183 2483 1376 2530 superiore
1397 2483 1501 2527 parte
1520 2477 1688 2523 serpenti

918 2538 1057 2583 simile,
1081 2534 1242 2572 caudam
1266 2530 1411 2567 habens
1432 2526 1552 2563 tribus
1586 2524 1688 2560 ulnis

918 2587 1088 2632 longam,
1110 2581 1268 2629 peperit.
1293 2578 1376 2620 Ille,
1398 2585 1487 2612 cum
1515 2574 1595 2620 jam
1615 2582 1688 2618 po-

920 2633 1034 2671 tando
1054 2636 1090 2668 ct
1110 2627 1275 2666 ludendo
1314 2624 1512 2661 libidinem
1546 2620 1693 2666 exples-

921 2690 990 2726 set,
1032 2677 1245 2716 revertitur.
1286 2674 1483 2718 Ingressus
1521 2667 1587 2705 ubi
1619 2667 1691 2703 fuit

922 2730 1050 2766 locum
1071 2727 1111 2762 in
1132 2735 1206 2771 quo
1228 2726 1356 2768 partus
1373 2718 1536 2766 jacebat,
1557 2725 1692 2752 mons-

923 2783 1024 2814 trum
1045 2774 1086 2810 in
1106 2782 1195 2808 eum
1216 2768 1373 2813 involat,
1396 2771 1432 2802 et
1451 2764 1582 2801 caudae
1613 2773 1692 2799 suae

924 2823 1161 2870 implicatum
1199 2818 1251 2853 ita
1303 2813 1504 2852 venenosis
1555 2810 1692 2848 ictibus

926 2869 1126 2914 transfigit,
1148 2870 1190 2902 ut
1225 2864 1330 2900 illico
1368 2861 1564 2898 infelicem
1601 2858 1689 2895 ani-

925 2928 1029 2956 mam
1078 2912 1289 2952 exhalarit.
1335 2910 1469 2947 Marito
1515 2910 1664 2943 mortuo
1681 2934 1690 2950 ‚

926 2974 1112 3015 puerpera
1133 2969 1283 3008 quoque
1304 2962 1453 2995 mortua
1481 2959 1552 3000 est,
1572 2953 1638 2991 sed
1656 2956 1694 2989 et
