1858 3146
213 139 292 181 424

213 225 384 270 munde,
407 224 485 264 8118
505 225 563 264 les
581 225 711 276 reeoit
730 237 907 278 pauvres
925 229 967 266 et
986 225 1143 266 deflues
1161 226 1213 267 de
1233 229 1326 267 tout
1346 228 1370 266 8
1388 224 1479 270 leur
1499 225 1639 265 sortia.
1670 224 1779 269 Bion

214 291 322 343 ptus,
340 290 385 342 je
404 290 467 328 dis
486 289 589 341 qu’il
608 290 679 341 n'y
698 303 723 330 a
742 291 860 342 point
879 292 929 331 de
950 290 1064 331 riehe
1083 290 1240 339 ici-bas,
1262 302 1386 343 parce
1403 290 1509 342 qu'il
1527 290 1597 342 n'y
1614 301 1642 335 ,8
1659 290 1781 342 puin-t

215 355 267 395 de
299 354 416 394 biens
436 355 735 403 *hereditairea
758 362 851 395 tous
882 359 976 395 sont
1009 356 1210 405 meubles,
1235 356 1264 394 il
1294 367 1347 394 ne
1378 359 1474 395 sont
1504 356 1664 397 nonnus
1699 366 1783 407 que

215 431 379 459 comme
398 432 455 458 un
477 421 568 470 pret
597 424 641 459 et
673 432 756 460 une
786 421 933 460 faveur
965 421 1067 460 dont
1098 420 1129 459 il
1159 420 1310 460 faudra
1328 420 1479 460 rendre
1499 423 1679 471 compte.
1699 420 1783 461 Nos

215 488 358 525 verius
377 490 420 524 et
437 497 513 524 nos
533 485 692 524 bonues
711 498 876 525 oeuvres
895 489 992 526 sont
1011 486 1147 525 seules
1164 485 1224 525 les
1249 486 1366 525 biens
1396 485 1669 525 hereditaires
1700 495 1783 536 que

213 560 319 599 nous
339 553 581 600 emportons
602 550 653 589 de
684 562 729 589 ee
761 552 916 590 monde
945 554 987 590 et
1019 551 1092 603 qui
1125 563 1230 590 nous
1261 552 1432 590 restent.
1466 549 1640 590 Ceux-l&
1670 549 1781 589 seuls

215 626 324 657 nous
354 619 518 654 servent
548 618 576 660 a
606 616 644 654 18
678 620 788 655 mort
818 620 860 655 et
890 618 1010 668 apres
1043 619 1163 655 notre
1195 619 1320 655 mort.
1343 617 1541 656 Heureux
1571 613 1679 659 eelui
1711 613 1785 666 qui

214 679 394 731 regarde
414 681 473 718 les
494 684 634 719 autres
654 680 772 719 biens
792 693 953 721 comme
974 682 1024 721 de
1047 682 1085 720 la
1107 681 1320 733 poussiere
1350 684 1392 720 et
1423 681 1494 732 qui
1528 679 1727 719 s'attaohe
1756 679 1785 718 A

217 755 324 794 eeux
343 746 416 796 qui
437 746 608 784 doivent
629 747 767 792 durer,
792 758 899 796 pour
921 759 973 786 ne
993 759 1066 799 pas
1098 747 1184 786 s'en
1213 746 1319 786 aller
1351 747 1376 785 a
1410 746 1451 785 18
1482 746 1541 785 fin
1568 755 1725 796 pauvre
1743 746 1787 785 et

217 809 356 855 (18888
377 810 426 848 (18
447 814 554 848 tout.
577 813 610 849 Ο
631 810 780 856 riches,
803 811 906 862 qu’il
926 824 1027 851 vous
1044 812 1126 851 soit
1159 823 1322 851 comme
1354 823 1409 850 un
1432 810 1579 850 miroir
1598 822 1645 849 ee
1670 808 1787 850 riche

218 873 271 913 de
290 873 538 925 1’Evnngttp,
561 877 584 912 8
606 875 678 925 qui
698 887 753 913 on
775 875 899 916 disait
922 889 931 915 x
958 891 977 913 «
998 878 1114 916 Cette
1136 876 1228 916 nuit
1248 888 1303 916 on
1323 879 1364 915 te
1383 874 1687 915 redemendera
1711 876 1787 918 ton

218 939 328 988 ame,
350 943 391 976 et
411 950 455 978 88
477 951 558 990 que
589 942 634 977 tu
666 951 711 977 as
731 942 892 979 amasse
912 942 938 980 8
957 943 1029 992 qui
1049 939 1467 993 appartiendra-t-il?
1488 954 1507 977 »
1544 938 1652 987 Qu'ii
1683 949 1787 983 vous

218 1013 337 1043 serve
356 1003 466 1042 aussi
488 1005 538 1042 de
560 1003 708 1043 miroir
727 1007 792 1043 cet
811 1010 932 1044 autre
952 1005 1068 1045 riche
1089 1006 1161 1058 qui
1181 1005 1312 1044 vivait
1325 1006 1429 1044 dans
1441 1005 1482 1044 18
1495 1005 1634 1044 bonne
1647 1004 1786 1053 chere,

219 1066 251 1106 il
271 1073 334 1106 est
352 1069 535 1107 enseveli
555 1068 658 1107 dans
680 1068 827 1108 l’enfer
852 1070 1111 1110 demandant
1141 1074 1258 1110 toute
1290 1069 1494 1110 l’eteruite
1524 1081 1607 1109 une
1640 1071 1789 1121 goutte

220 1130 341 1171 d’eau
362 1144 469 1184 pour
488 1146 531 1172 se
550 1134 790 1174 rafraichir.

276 1198 412 1238 Venez
430 1199 554 1246 aussi,
571 1211 675 1238 vous
693 1203 800 1248 tous,
818 1199 1008 1239 hommes
1021 1203 1063 1239 et
1076 1199 1266 1247 femmes,
1283 1199 1435 1251 jeunes
1457 1211 1560 1251 gens
1580 1202 1622 1238 et
1638 1198 1791 1249 jeunes

221 1261 330 1302 fines
348 1262 595 1313 lieeneieux,
613 1264 686 1316 qui
707 1267 858 1304 mettez
877 1268 996 1304 votre
1015 1265 1226 1304 eonfiauee
1246 1265 1350 1304 dans
1369 1263 1411 1303 18
1431 1264 1537 1303 fleur
1556 1266 1598 1303 et
1617 1263 1659 1302 18
1677 1262 1791 1302 force

225 1328 277 1368 de
296 1327 422 1380 rege,
445 1341 547 1368 vous
567 1330 640 1380 qui
660 1330 800 1381 plaeez
820 1334 938 1370 votre
961 1330 1094 1382 gleire
1116 1331 1219 1369 dans
1239 1330 1280 1369 18
1299 1329 1466 1379 beaute,
1489 1329 1528 1369 le
1548 1328 1647 1368 luxe
1678 1330 1721 1368 et
1750 1328 1794 1368 18

224 1393 382 1432 venite.
404 1394 466 1432 En
487 1395 586 1446 quoi
606 1407 708 1434 vous
731 1395 1064 1446 glorifiez-vous?
1084 1395 1189 1435 D'ou
1209 1394 1447 1435 etes-vous?
1481 1392 1792 1442 Qu’etes-vous?

226 1461 314 1505 Que
333 1459 600 1498 sere20vous?
621 1460 740 1499 Dela
762 1461 972 1512 poussiere
1005 1461 1078 1512 qui
1109 1464 1357 1500 retournera
1385 1471 1437 1498 en
1471 1459 1701 1511 poussiere.
1733 1458 1793 1498 La

226 1522 333 1565 fleur
354 1523 405 1563 de
427 1525 550 1574 t'z’ige,
573 1524 612 1563 la
643 1525 795 1564 beaute
826 1525 877 1564 de
910 1525 1167 1574 l’e'xterieur,
1192 1525 1328 1564 l'eelat
1359 1529 1410 1564 (18
1442 1524 1483 1563 18
1515 1524 1673 1571 venite,
1698 1525 1794 1562 tout

226 1588 418 1628 tombera
450 1595 488 1628 et
520 1601 563 1628 se
595 1589 764 1629 teduine
796 1603 847 1629 en
879 1590 1105 1642 poussiere.
1138 1592 1217 1630 Gar
1249 1589 1279 1628 il
1311 1593 1373 1628 est
1404 1589 1495 1628 vrai
1526 1589 1578 1628 de
1617 1577 1708 1627 dire
1741 1587 1794 1627 (18

226 1652 426 1693 l’homme
447 1658 488 1693 et
508 1654 557 1692 «le
579 1658 694 1694 toute
715 1655 754 1694 18
774 1656 914 1694 venite
934 1655 1007 1707 qui
1023 1655 1228 1694 l'eutoure
1252 1668 1261 1694 :
1288 1669 1307 1692 «
1328 1654 1361 1694 ll
1394 1654 1483 1693 nait
1514 1664 1677 1693 comme
1709 1663 1795 1692 une

227 1718 334 1758 fleur
354 1718 425 1770 qui
447 1718 550 1758 n'est
571 1732 642 1770 pas
662 1719 754 1771 plus
777 1721 836 1759 tot
855 1720 990 1760 eelose
1011 1719 1163 1772 qu'elle
1184 1723 1244 1759 est
1265 1719 1403 1759 foulee
1423 1731 1506 1757 anx
1526 1717 1664 1770 pieds;
1687 1717 1716 1757 il
1729 1717 1796 1757 fut

227 1787 270 1824 et
289 1783 489 1835 disparuit
508 1796 669 1823 comme
690 1785 879 1824 l'ombre.
915 1786 1087 1825 Comme
1118 1797 1200 1824 une
1232 1785 1337 1824 sseur
1368 1783 1398 1822 il
1430 1788 1516 1823 sort
1548 1783 1599 1823 de
1628 1787 1738 1823 terre
1770 1784 1797 1822 ὲ.

229 1847 395 1887 l'orient
414 1849 465 1887 de
485 1861 558 1887 son
582 1850 678 1900 ege,
702 1849 761 1889 les
781 1849 1004 1889 inni-mites
1035 1850 1108 1902 qui
1140 1850 1178 1889 le
1210 1850 1405 1901 frappent
1435 1850 1474 1888 18
1505 1848 1663 1887 brisent
1693 1851 1736 1888 et
1766 1847 1796 1889 il

230 1912 431 1965 disparuit
468 1925 630 1953 comme
662 1926 741 1953 une
774 1914 918 1954 ombre
952 1917 975 1953 8
1008 1914 1227 1954 l'oeeident
1258 1915 1309 1954 de
1340 1914 1381 1954 18
1413 1917 1538 1960 mort,
1561 1912 1727 1965 lorsque
1757 1912 1797 1952 18

638 146 685 175 LE
715 146 915 186 amioum.
943 148 1015 176 nes
1045 139 1359 187 reema-renas.

236 2133 374 2179 exeipit
417 2145 424 2168 ;
469 2134 588 2170 nudos
628 2138 664 2170 et
701 2133 833 2179 inopes
869 2144 996 2171 rursus

1036 2135 1163 2181 pultus
1183 2135 1223 2172 in
1244 2135 1407 2179 inferno,
1429 2139 1571 2181 guttam
1595 2138 1704 2181 aquae
1722 2138 1800 2171 1818

235 2181 322 2218 ilios
341 2181 381 2217 in
399 2181 474 2217 tine
496 2181 640 2227 recipit.
666 2182 745 2218 lino
767 2182 912 2218 8811818
938 2182 996 2219 hie

233 2228 388 2266 divitem
426 2229 524 2271 dico,
545 2230 631 2275 quia
671 2229 776 2265 118118
813 2234 902 2265 sunt
937 2230 996 2266 1118

237 2276 469 2313 hun-editaria
492 2276 602 2318 bonu,
624 2277 753 2313 omniu
773 2282 859 2313 sunt
882 2277 996 2313 inobi-

237 2325 300 2367 tia,
322 2330 357 2360 et
378 2324 481 2370 quasi
503 2324 741 2360 88181888818
770 2329 806 2359 81
830 2326 997 2370 precario

234 2376 400 2417 accepta,
423 2381 581 2418 quorum
604 2371 696 2407 ratio
718 2377 770 2408 est
793 2372 994 2408 reddenda.

236 2419 478 2465 ῌω1’8(11181·18
513 2423 636 2455 nostru
674 2418 770 2454 bona
790 2419 879 2455 58118
911 2424 999 2456 sunt

235 2468 389 2503 virtutes
422 2471 458 2503 81
498 2466 594 2503 bona
635 2476 762 2512 opera,
791 2478 874 2514 qua>
907 2467 997 2504 11188

235 2514 442 2554 efferuntur
483 2518 518 2550 81
568 2519 791 2560 perennant,
835 2515 919 2551 ilaee
959 2515 997 2550 in

237 2567 355 2602 morte
370 2562 518 2607 Juvant,
533 2566 569 2598 81
590 2567 669 2608 post
699 2567 871 2598 mortem.
896 2561 996 2599 Felix

235 2609 299 2657 qui
320 2615 454 2646 eaetern
476 2613 512 2645 ut
548 2610 738 2656 pulvereni
768 2611 942 2654 aestimat,
963 2614 995 2646 et

237 2657 318 2696 hanc
346 2661 598 2703 perennuturu
629 2657 699 2694 sibi
735 2658 918 2704 providet,
952 2668 999 2694 ne

238 2704 362 2742 nudus
399 2704 506 2741 11118111
546 2710 579 2740 81
618 2715 772 2750 egenus.
804 2706 856 2741 Sit
896 2702 998 2741 vobis

235 2752 449 2799 speculum,
470 2765 491 2788 ο
513 2752 660 2796 divites,
675 2752 778 2789 «lives
799 2752 862 2789 itte
883 2752 998 2790 Evan-

235 2800 394 2847 ffetieus,
434 2801 493 2836 eui
531 2800 667 2837 dicitur
691 2811 697 2836 :
726 2816 738 2832 u
778 2801 851 2837 nac
890 2803 1000 2837 noete

237 2851 404 2894 repetent
435 2847 602 2884 nninunn
643 2853 741 2885 tuann
763 2860 785 2885 8
807 2853 840 2885 te
861 2852 895 2884 et
917 2858 1000 2895 quoe

237 2895 374 2940 pun-usti
395 2895 503 2942 quus
523 2900 633 2932 erunt
647 2897 662 2932 ἓ
676 2915 689 2931 ι,
715 2896 769 2933 Sit
790 2896 893 2934 vobis
913 2905 1000 2943 quo-

236 2953 308 2988 que
328 2945 525 2990 speculum
546 2944 639 2981 atter
658 2944 762 2981 dives
784 2943 919 2991 Epulo.
939 2954 999 2981 se-

1038 2194 1198 2229 poseens
1218 2183 1440 2219 intermittite.

1083 2232 1118 2267 5.
1141 2230 1314 2267 Accedite
1352 2230 1464 2267 etiam
1503 2229 1730 2275 quicumque
1758 2229 1799 2266 in

1038 2281 1126 2314 flore
1158 2283 1194 2315 et
1229 2277 1360 2315 robore
1381 2276 1502 2313 aetatis
1527 2276 1654 2321 fiditis,
1673 2277 1738 2323 qui
1758 2277 1799 2314 in

1065 2325 1319 2363 ulchritudine
1339 2325 1497 2371 glorium
1526 2323 1735 2368 conuentis,
1758 2324 1798 2361 in

1053 2383 1126 2409 uxn
1166 2379 1203 2409 81
1243 2374 1416 2416 vanitate,
1439 2371 1506 2408 viri
1540 2376 1575 2407 et
1605 2372 1798 2417 mutieres,

1039 2421 1227 2463 juvenculi
1247 2426 1283 2458 81
1305 2419 1517 2466 Juvuneutoe
1549 2419 1798 2457 lascivientes.

1041 2470 1080 2504 tn
1102 2479 1174 2514 quo
1193 2468 1435 2515 gloriamini?
1454 2466 1557 2505 Unde
1577 2466 1802 2511 estis?Quid.

1037 2516 1154 2552 estis?
1174 2517 1267 2560 Quid
1290 2515 1423 2553 eritis?
1443 2514 1564 2561 pulvis
1597 2514 1637 2550 in
1667 2515 1799 2561 pulve-

1038 2574 1115 2598 reni
1139 2574 1366 2601 reversurus.
1394 2563 1475 2599 Flos
1500 2562 1633 2607 aetatis,
1655 2562 1801 2608 species

1037 2610 1198 2655 (iecoris,
1220 2611 1340 2657 t'utgor
1368 2609 1553 2653 vanitatis,
1574 2620 1660 2646 niox
1693 2609 1800 2647 deoi-

1037 2657 1126 2693 118111
1165 2663 1200 2695 81
1239 2659 1277 2695 in
1329 2658 1519 2705 pulvereni
1571 2657 1798 2702 redigentur.

1040 2705 1131 2743 Num
1165 2706 1210 2742 (18
1245 2705 1412 2749 homine.
1435 2709 1466 2742 81
1501 2705 1547 2740 de
1578 2704 1683 2741 81881
1713 2714 1802 2742 eum

1038 2752 1306 2791 circumstante
1339 2753 1512 2795 vanitate.
1545 2762 1672 2789 verum
1710 2756 1798 2790 est:

1043 2816 1055 2831 α
1079 2801 1192 2844 Quasi
1214 2804 1281 2837 ilos
1301 2800 1501 2846 egreditur,
1523 2805 1553 2835 81
1578 2799 1801 2844 conteritur,

1038 2852 1072 2883 81
1095 2848 1187 2894 sugit
1210 2848 1308 2885 vetut
1329 2847 1474 2889 umbra.
1493 2848 1542 2885 no
1560 2847 1674 2884 humo
1694 2847 1803 2894 quusi

1040 2898 1106 2934 flos
1141 2895 1329 2940 egreditur
1361 2894 1401 2932 in
1432 2896 1551 2932 miuus
1583 2895 1744 2939 oriente,
1763 2898 1800 2934 et

1039 2940 1244 2981 conteritur
1304 2953 1503 2990 percussus

1570 2941 1801 2986 infirmitatis
