1858 3146
156 128 237 169 430
574 135 623 165 m
651 134 855 166 iia-nonu.
881 134 956 164 nes
985 125 1302 165 mamea-muns.

157 215 297 268 plutot
314 213 552 267 preferable
570 226 652 267 que
671 226 777 254 nous
796 225 946 265 soyons
965 224 1016 252 en
1036 212 1270 265 possession
1290 212 1343 253 de
1361 215 1480 254 votre
1511 213 1723 256 clemenee

157 282 200 320 et
219 280 271 319 de
290 284 408 319 votre
426 278 709 328 misericorde,
726 278 777 318 de
796 290 902 330 peur
921 289 1002 330 que
1023 289 1129 317 nous
1147 277 1401 329 paraissions
1418 279 1533 318 crees
1551 278 1721 320 inutile-

155 348 275 384 ment
292 356 347 383 ou
368 346 441 383 nes
459 356 567 396 pour
585 343 646 384 les
664 343 799 383 seules
819 343 1002 391 miseres,
1027 353 1133 380 nous
1161 342 1235 394 qui
1266 354 1408 382 serons
1439 342 1598 384 hientot
1624 356 1722 384 con-

154 408 303 449 traints
323 409 373 449 de
404 409 565 449 mourir
595 413 638 449 et
668 409 743 461 qui
775 421 826 448 ne
859 419 1051 460 pouvons
1071 406 1252 447 ‹ielivrer
1271 419 1348 447 nos
1367 408 1482 448 ames
1502 408 1553 449 de
1572 408 1723 450 l’enier

155 486 238 527 que
256 474 290 514 si
308 479 425 514 votre
444 474 654 514 clemence
675 486 781 513 nous
801 476 861 513 est
880 471 1112 512 favorable.

206 540 269 579 En
301 539 533 591 quatrieme
565 539 664 588 lieu,
687 541 884 578 ecoutons
915 550 1065 577 encore
1096 537 1134 576 le
1165 537 1383 578 Psalmiste
1406 551 1415 578 :
1442 554 1462 575 «
1483 539 1721 579 Souvenez·

152 616 271 655 vous,
293 604 421 652 dit-il,
444 605 469 643 ὁ
502 604 726 655 seigneur,
750 615 830 654 que
868 615 973 642 nous
1011 614 1064 642 ne
1101 613 1282 642 sommes
1319 615 1400 655 que
1437 604 1668 656 poussiere.
1695 617 1716 642 n
1748 647 1751 649 ,

154 669 276 710 Saint
294 669 521 722 Augustin,
545 669 656 708 saint
675 670 868 719 Prosper,
890 668 1145 717 Cassiodore,
1172 667 1283 707 saint
1313 668 1496 717 Jerome‚
1518 668 1629 708 saint
1647 669 1724 709 Isi-

151 734 270 784 dore,
302 735 411 773 saint
443 733 661 785 Gregoire,
690 733 798 771 saint
818 732 1075 784 Apollinaire
1108 732 1343 772 traduisent
1375 733 1482 772 ainsi
1513 745 1558 772 ee
1590 736 1718 783 texte,

151 799 294 839 tandis
330 810 412 851 que
443 810 547 837 nous
579 810 742 837 avons:
770 812 790 833 «
811 798 868 836 Le
906 797 1116 849 Seigneur
1148 798 1243 837 s’est
1281 810 1468 838 souvenu
1501 810 1584 850 que
1616 811 1723 839 nous

151 876 332 904 sommes
352 864 402 903 de
423 863 463 902 la
482 862 710 914 poussiere.
735 876 754 900 υ
773 863 830 901 Le
865 863 1073 914 Prophete
1105 863 1304 903 s’adresse
1325 863 1429 903 donc
1448 865 1472 903 a
1492 863 1612 915 Dieu,
1635 876 1723 904 non

150 941 226 982 pas
244 940 369 981 parce
390 939 471 980 que
491 927 595 967 Dieu
617 925 756 966 oublie
776 929 898 966 notre
918 927 1095 979 origine,
1121 928 1226 967 mais
1245 927 1276 967 il
1295 927 1500 980 exprime,
1523 941 1600 980 par
1614 931 1723 970 cette

149 993 340 1033 muniere
359 992 410 1032 de
429 992 585 1044 parler,
606 991 646 1031 le
672 991 783 1030 desir
803 1003 884 1043 que
915 992 955 1030 la
987 992 1256 1032 misericorde
1286 993 1337 1033 de
1365 993 1468 1032 Dieu
1500 995 1723 1045 persevero

149 1058 341 1109 toujours
360 1059 384 1096 a
404 1059 527 1096 notre
546 1056 699 1108 egard3
722 1059 763 1095 et
793 1055 824 1094 il
855 1055 894 1095 le
913 1057 1003 1108 prie
1036 1056 1088 1096 de
1116 1056 1209 1096 voir
1240 1069 1322 1109 que
1356 1057 1407 1098 de
1439 1059 1722 1099 nous-memes

149 1135 258 1163 nous
275 1135 327 1162 ne
346 1132 537 1174 pouvons
559 1133 632 1173 pas
652 1121 874 1160 demeurer
906 1133 957 1160 en
990 1121 1113 1172 grece
1144 1123 1188 1161 et
1218 1133 1438 1161 conserver
1469 1122 1528 1162 les
1560 1123 1723 1164 divines

148 1188 317 1228 faveurs
349 1186 451 1239 qu'il
483 1198 590 1226 nous
621 1186 810 1236 necorde,
842 1197 925 1237 que
957 1185 1137 1225 l’aridite
1166 1186 1223 1225 du
1251 1186 1383 1238 peche
1414 1199 1520 1226 nous
1551 1187 1723 1228 reduira

149 1264 313 1293 comme
335 1264 388 1291 en
407 1251 583 1304 pondre,
606 1250 711 1303 qu’il
731 1263 823 1291 sera
846 1251 928 1307 obli
936 1252 988 1302 ge
1009 1251 1236 1303 d'envoyer
1256 1263 1333 1291 son
1352 1252 1499 1292 soufsse
1518 1265 1589 1292 sur
1614 1265 1723 1293 nous

149 1317 215 1358 s'il
233 1329 284 1357 ne
303 1317 419 1357 vient
436 1329 511 1369 pas
531 1318 557 1356 a
576 1319 698 1356 notre
717 1315 826 1356 aide.
849 1317 928 1356 Car
948 1315 1007 1355 les
1026 1315 1205 1368 qualites
1225 1316 1276 1356 de
1307 1317 1349 1357 la
1379 1317 1593 1369 poussiere
1622 1330 1721 1358 con-

148 1382 351 1423 viennent
370 1382 480 1422 aussi
500 1394 554 1421 au
574 1381 773 1434 pecheur,
796 1381 879 1420 elle
898 1384 961 1420 est
979 1381 1137 1432 legere,
1159 1380 1239 1421 elle
1273 1385 1335 1422 est
1366 1382 1536 1432 mobile,
1553 1382 1634 1423 elle
1661 1386 1725 1423 est

149 1447 283 1495 aride,
304 1446 384 1487 elle
415 1450 477 1487 est
508 1446 676 1495 sterile;
699 1449 740 1485 et
772 1447 824 1485 de
858 1447 995 1485 meme
1016 1458 1096 1498 que
1115 1446 1225 1486 l'eau
1240 1446 1377 1499 jointe
1396 1449 1421 1487 a
1440 1446 1481 1487 la
1508 1448 1723 1500 poussiere

149 1523 204 1553 en
223 1511 301 1551 fait
321 1512 371 1551 de
402 1512 443 1551 la
475 1511 597 1559 boue,
620 1511 728 1550 ainsi
759 1509 868 1550 l’eau
900 1511 951 1550 de
984 1510 1025 1550 la
1055 1511 1222 1563 passion
1255 1523 1298 1552 se
1325 1511 1527 1563 joignant
1558 1515 1580 1552 a
1600 1516 1722 1555 notre

150 1580 303 1617 nature
322 1589 427 1616 nous
447 1576 612 1628 change
632 1587 684 1615 en
704 1576 814 1615 boue
834 1579 876 1615 et
896 1588 1001 1615 nous
1020 1576 1124 1615 rend
1144 1576 1394 1615 immondes.
1417 1578 1468 1616 Et
1488 1577 1586 1618 c’est
1604 1582 1722 1631 peut-

149 1641 239 1682 etre
259 1654 365 1694 pour
385 1642 473 1682 cela
492 1654 572 1693 que
593 1641 632 1680 le
653 1640 875 1692 Seigneur,
892 1644 1023 1693 ayant
1042 1640 1143 1693 pitie
1161 1641 1211 1681 de
1231 1641 1272 1680 la
1292 1641 1446 1682 femme
1467 1642 1658 1683 adultere
1678 1646 1722 1684 et

149 1706 325 1747 voulant
343 1707 382 1746 la
404 1706 584 1746 delivrer
603 1710 644 1746 et
663 1705 828 1745 chasser
848 1718 911 1745 ses
944 1706 1141 1758 superbes
1173 1709 1449 1757 accusateurs,
1472 1707 1618 1748 eerivit
1648 1721 1721 1749 sur

147 1770 192 1812 la
210 1772 359 1824 pierre,
383 1773 598 1811 montrant
617 1782 694 1822 par
713 1771 754 1809 la
785 1770 887 1822 qu'il
918 1770 989 1822 n'y
1021 1771 1134 1810 avait
1165 1770 1255 1810 rien
1289 1770 1538 1811 d'etonnant
1566 1772 1720 1825 qu’elle

148 1836 223 1877 eat
241 1838 306 1876 ete
327 1836 510 1888 surprise
529 1847 579 1875 en
599 1835 804 1883 adultere,
821 1835 996 1887 puisque
1018 1837 1153 1875 tontes
1172 1835 1232 1875 les
1251 1836 1426 1876 femmes
1458 1839 1502 1877 et
1533 1841 1628 1878 tous
1658 1838 1720 1879 les

148 1900 342 1941 hommes
357 1901 487 1940 tirant
506 1911 669 1940 comme
689 1899 768 1939 elle
787 1899 879 1939 leur
895 1900 1059 1951 origine
1081 1900 1131 1940 de
1151 1900 1192 1940 la
1211 1901 1422 1953 poussiere
1442 1906 1720 1944 commettent

149 2087 200 2115 ne
219 2077 355 2117 frustra
375 2077 519 2114 conditi
549 2077 742 2115 videamur
764 2088 911 2122 omnes,

148 2124 207 2162 vel
226 2125 338 2161 etiam
359 2125 405 2161 ad
427 2124 526 2161 solas
547 2125 624 2161 nati
647 2125 829 2167 miserias,
849 2126 912 2171 qui

955 2077 1011 2113 bis
1029 2078 1188 2115 minime
1207 2078 1249 2115 in
1268 2079 1386 2125 gratia
1405 2083 1441 2116 et
1460 2079 1587 2118 divino
1609 2079 1720 2119 nobis

953 2126 1039 2162 dato
1079 2136 1236 2169 munere
1275 2127 1475 2173 persistere
1512 2128 1717 2175 possimus,

148 2182 238 2209 mox
261 2172 354 2208 mori
375 2172 560 2219 cogimur,
583 2183 654 2209 nce
685 2172 731 2209 ab
763 2173 914 2209 inferno

147 2220 319 2256 animam
352 2219 510 2256 liberare
549 2220 731 2265 valemus,
752 2220 825 2256 nisi
853 2225 913 2256 tua

147 2267 377 2315 propitiante
396 2267 612 2304 clementia.

197 2316 336 2359 Quarto
390 2315 600 2351 audiendus
657 2318 712 2350 est
766 2314 865 2351 idem
902 2326 909 2351 :

151 2375 167 2395 ι
185 2362 392 2406 Memento,
408 2362 582 2406 Domine,
594 2361 772 2408 quoniam
790 2363 912 2408 pulvis

149 2419 296 2446 sumus,
321 2427 335 2443 a
360 2410 421 2447 Sic
439 2409 542 2447 enim
562 2420 606 2445 ex
627 2409 792 2456 antiquis
814 2410 911 2446 Psal-

148 2457 254 2494 tcriis
287 2457 429 2502 legunt,
462 2456 704 2504 Augustinus,
741 2456 910 2503 Prosper,

147 2504 408 2550 Cassiodorus,
444 2505 707 2550 Hieronymus,
731 2504 908 2550 isidorus,

148 2552 222 2589 Gre
249 2552 365 2596 orius,
423 2552 447 2588 A
478 2552 687 2596 oliinarius,
748 2562 813 2598 pro
868 2563 911 2588 eo

149 2609 223 2647 quo
288 2611 357 2637 nos
402 2599 448 2636 ha
478 2609 614 2636 emus:
641 2614 653 2630 u
685 2599 911 2636 Recordatus

148 2647 404 2701 estquoniam
436 2647 556 2693 pulvis
592 2656 734 2684 sumus.
762 2662 774 2679 a
809 2649 910 2684 Con-

149 2699 260 2731 vertit
290 2706 378 2739 eruo
416 2694 598 2741 Propheta
630 2704 842 2731 sermonem
863 2694 908 2731 ad

150 2741 285 2785 Deum,
307 2752 383 2779 non
415 2741 513 2788 quod
545 2741 787 2779 obliviscatur
815 2742 910 2778 Deus

148 2789 308 2835 originis
329 2794 479 2834 nostrae,
502 2789 565 2826 sed
586 2794 688 2837 optat
708 2789 779 2826 boc
800 2789 910 2826 modo

149 2836 328 2882 loquendi
362 2841 400 2874 ut
420 2847 567 2885 semper
596 2840 801 2891 perseveret
829 2837 910 2883 eius

151 2882 189 2919 in
230 2883 338 2920 nobis
378 2885 658 2930 misericordia;
680 2888 716 2921 ct
748 2888 850 2929 rogat
872 2888 908 2921 ut

150 2932 334 2977 respicere
353 2932 542 2978 dignetur,
565 2931 752 2979 quomodo
772 2942 815 2969 ex
837 2942 908 2969 no-

953 2173 1140 2219 quomodo
1161 2173 1275 2210 etiam
1303 2174 1343 2210 in
1376 2175 1567 2220 pulverem
1599 2175 1716 2212 aridi-

954 2225 1026 2256 tate
1065 2221 1210 2267 peccati
1248 2222 1526 2267 quodammodo
1565 2222 1715 2270 rediga-

955 2278 1052 2311 mur,
1072 2267 1119 2304 ab
1141 2279 1184 2305 eo
1205 2267 1432 2306 exsufflandi
1464 2269 1539 2305 nisi
1566 2270 1717 2315 adJuvet

955 2326 1035 2351 nos.
1059 2315 1246 2353 Peccatori
1264 2317 1366 2353 enim
1387 2317 1572 2363 quadrant
1586 2317 1720 2364 pulve-

954 2363 1002 2398 ris
1023 2363 1235 2408 qualitates,
1255 2363 1302 2400 ob
1325 2364 1526 2410 levitatem,
1560 2364 1715 2402 mobili—

953 2414 1078 2454 tatem,
1114 2411 1341 2455 ariditatem,
1374 2412 1634 2457 sterilitatcm;
1655 2417 1715 2450 at-

951 2467 1021 2502 quc
1055 2458 1151 2494 sicut
1184 2458 1328 2504 pulveri
1363 2459 1498 2496 humor
1530 2460 1715 2497 accedens

953 2504 1071 2540 tutum
1093 2505 1221 2552 eflicit,
1237 2506 1290 2543 sic
1312 2510 1347 2542 et
1369 2507 1504 2543 humor
1525 2506 1714 2545 illecebras

949 2552 1148 2597 accedens,
1173 2564 1241 2590 nos
1272 2554 1334 2600 qui
1369 2554 1490 2600 pulvis
1521 2564 1653 2591 sumus
1672 2554 1712 2592 in

949 2609 1101 2635 euenum
1124 2601 1243 2645 vertit,
1267 2606 1302 2637 et
1334 2601 1551 2638 immundos
1576 2601 1711 2638 reddit.

951 2647 1065 2693 Atque
1087 2647 1168 2683 ideo
1191 2648 1347 2684 forsitan
1369 2648 1550 2685 Dominus
1570 2647 1713 2686 aduite-

951 2704 1000 2730 τω
1038 2695 1336 2739 commiseratus,
1378 2706 1534 2742 eamque
1582 2697 1712 2735 volens

951 2740 1122 2785 liberare,
1143 2747 1178 2777 et
1198 2742 1380 2789 superbos
1401 2742 1481 2789 ojus
1512 2749 1710 2782 accusato-

948 2799 1007 2825 res
1056 2789 1259 2834 expetiere,
1298 2789 1427 2826 scribit
1466 2790 1502 2826 in
1544 2791 1709 2845 pulvere,

948 2835 1122 2872 indicans
1142 2837 1236 2873 nihii
1259 2835 1395 2873 mirum
1417 2848 1498 2874 esse
1524 2849 1555 2874 sl
1576 2839 1711 2886 ‹lepre-

949 2882 1064 2920 hensa
1095 2883 1142 2920 sit
1177 2883 1214 2920 in
1248 2884 1448 2930 adulterio,
1470 2887 1710 2935 quandoqui-

946 2930 1030 2968 dem
1055 2931 1134 2977 ipsa
1155 2935 1190 2968 et
1210 2941 1342 2969 omnes
1362 2933 1553 2980 mulieres,
1575 2945 1619 2973 ao
1640 2934 1710 2972 viri
