1858 3146
1588 136 1666 179 501

103 233 310 287 peignant
328 235 370 272 et
387 241 439 273 en
460 232 754 284 representant
769 228 830 270 les
847 228 968 268 biens
980 227 1032 267 de
1051 237 1097 266 ce
1111 225 1263 267 monde
1277 236 1441 266 comme
1451 225 1667 278 precntum

104 299 133 338 il
154 298 315 338 eblouit
332 296 442 337 leurs
460 308 585 348 yeux,
609 295 694 335 afin
715 306 811 348 que,
832 291 1076 333 travaillant
1093 293 1121 331 ὲ,
1138 291 1225 331 s’en
1251 303 1416 331 assur-er
1443 291 1484 330 la
1508 301 1670 343 posses·

105 364 214 411 sion,
235 362 287 402 ils
306 362 526 401 l’edorent.
677 353 684 369 ⁸

160 430 271 468 Nous
302 439 354 466 ne
386 426 543 466 devons
572 437 646 477 pes
677 435 783 464 nous
812 424 990 463 etonuer
1021 432 1104 474 que
1135 420 1174 460 le
1206 420 1375 469 demon,
1405 422 1524 473 apres
1553 420 1672 460 avoir

105 494 270 534 montre
290 494 333 531 et
351 493 591 543 represente
613 490 671 529 les
689 489 808 529 biens
840 488 891 527 de
922 499 997 526 son
1031 486 1199 532 monde,
1227 498 1297 524 ose
1316 485 1375 525 les
1400 489 1627 538 promettre
1646 487 1673 526 ὰ

105 567 170 598 ses
188 558 447 604 adorateurs‚
460 555 518 594 lui
539 555 611 607 qui
631 567 655 594 a
675 557 743 593 ose
764 552 1028 605 quelquefois
1047 552 1153 591 faire
1165 550 1257 590 voir
1269 550 1320 590 de
1336 550 1491 589 fausses
1511 551 1672 602 images

102 623 158 664 de
176 622 217 662 la
239 622 371 673 gtoire
391 621 541 660 celeste
566 632 674 672 pour
706 618 854 658 attirer
873 619 898 657 ὲ
918 617 976 657 lui
1008 616 1214 656 certaines
1243 616 1358 654 emes
1388 616 1444 654 οὺ
1477 627 1583 667 pour
1613 615 1672 655 les

105 688 210 728 faire
230 687 469 740 persever-er
489 686 593 724 daus
613 697 688 724 son
709 683 880 723 service.
902 683 935 722 ΙΙ
958 686 1073 722 ment
1092 693 1143 722 eu
1165 680 1303 720 disent
1323 692 1405 732 que
1425 680 1671 720 non-seule-

105 756 224 794 ment
259 751 318 791 les
365 761 587 802 royaumes
625 753 665 788 et
702 749 742 788 la
782 748 916 799 gloire
954 747 1010 787 du
1048 746 1202 786 monde
1234 745 1293 785 lui
1325 745 1669 797 appartiennent‚

107 818 212 858 mais
242 827 392 856 encore
429 815 467 855 le
504 825 707 867 royaume
745 817 787 852 et
824 812 864 851 la
906 812 1039 865 gloire
1071 812 1127 851 du
1164 810 1257 851 ciel.
1290 810 1434 851 Citons
1470 810 1672 863 quelques

102 882 333 934 exemples⁸

162 947 377 995 Rubdode,
400 946 462 985 roi
485 945 556 984 des
577 944 761 993 Frisons,
783 943 886 983 etait
917 945 942 982 ὲ.
973 942 1013 982 la
1033 941 1291 994 predication
1323 941 1374 980 de
1406 940 1527 981 Saint
1551 941 1672 981 Wal-

103 1013 258 1064 freng:
281 1011 411 1050 invite
432 1013 455 1049 ἐι
475 1020 518 1049 se
538 1009 643 1049 faire
663 1008 859 1060 baptism,
882 1011 925 1048 et
943 1007 981 1047 le
1002 1019 1117 1046 coeur
1147 1006 1299 1058 rempli
1318 1005 1621 1058 d’iuquietude,
1642 1005 1672 1045 il

103 1077 323 1118 deliberarit
341 1088 412 1115 sur
431 1086 476 1115 ce
495 1075 604 1126 sujet
624 1073 861 1125 lorsqu’une
881 1073 974 1112 nuit
995 1071 1032 1112 le
1052 1071 1191 1112 dlable
1210 1083 1253 1111 se
1272 1074 1466 1123 presente.
1484 1074 1509 1110 a
1529 1071 1589 1110 lui
1617 1082 1672 1111 en

103 1154 252 1194 songe,
275 1141 316 1181 la
335 1142 419 1181 tete
439 1140 573 1180 eeinte
594 1139 693 1179 d'un
714 1138 906 1177 diademo
938 1137 1043 1186 d'or,
1073 1138 1132 1177 les
1162 1138 1394 1176 vetements
1413 1135 1563 1175 brodes
1581 1135 1674 1176 d'or
1702 1170 1719 1184 l

102 1212 147 1249 et
165 1208 375 1260 persemes
394 1206 445 1245 de
464 1206 622 1258 pierres
642 1204 814 1243 brillant
835 1204 885 1242 de
907 1202 1021 1243 mille
1041 1203 1158 1242 feux.
1179 1203 1235 1242 Le
1267 1201 1357 1251 Roi,
1379 1205 1472 1240 tout
1497 1202 1669 1250 monne,

105 1271 376 1324 contemplait
395 1274 502 1310 cette
522 1270 672 1318 vision,
696 1269 862 1320 lorsque
884 1269 920 1308 le
941 1268 1094 1307 demon
1116 1267 1175 1307 lui
1194 1267 1362 1306 adressa
1387 1278 1453 1307 ces
1473 1266 1637 1318 paroles
1659 1279 1669 1306 :

105 1351 127 1375 α
149 1337 338 1386 Dis-moi,
355 1336 398 1388 je
416 1335 500 1376 t'en
521 1335 626 1388 prie,
648 1334 720 1386 qui
739 1333 797 1373 t'a
815 1333 952 1373 seduit
971 1346 1025 1372 au
1046 1333 1162 1385 point
1181 1344 1264 1385 que
1284 1336 1330 1372 tu
1348 1331 1522 1372 veuilles
1541 1331 1673 1371 aben-

104 1403 270 1443 donner
288 1401 326 1441 le
346 1401 455 1440 culte
476 1401 546 1439 des
566 1400 704 1447 dieux,
730 1399 802 1452 qui
823 1402 885 1438 est
906 1400 944 1438 la
963 1398 1145 1450 religion
1172 1397 1223 1436 de
1251 1402 1312 1437 tes
1331 1394 1673 1449 predecesseurs?

101 1467 155 1508 Je
173 1466 257 1506 t’en
278 1466 465 1517 conjure,
489 1465 624 1516 n’agis
645 1464 763 1516 point
782 1464 901 1513 ainsi,
923 1464 1028 1503 mais
1046 1465 1263 1515 persevere
1282 1462 1387 1502 dans
1406 1461 1447 1501 la
1471 1462 1564 1502 voie
1590 1473 1673 1514 que

103 1535 149 1572 tu
168 1543 213 1572 es
231 1531 362 1571 suivie
377 1530 546 1582 jusqu’a
564 1531 745 1582 present,
769 1532 810 1568 et
830 1532 875 1568 tu
896 1529 980 1567 iras
998 1528 1101 1567 dans
1121 1540 1186 1567 ces
1207 1527 1425 1567 brillantes
1451 1526 1671 1567 domeures

102 1597 324 1638 etei-uelles
345 1607 426 1648 que
441 1595 486 1647 je
506 1595 597 1634 dois
616 1594 779 1634 bientdt
800 1597 841 1633 te
862 1594 1039 1633 donner.
1062 1593 1212 1632 Mende
1231 1593 1381 1644 aupres
1402 1592 1452 1632 de
1473 1592 1530 1631 toi
1549 1591 1669 1632 Wul·

102 1662 246 1714 frang,
274 1661 446 1701 docteur
474 1661 545 1700 des
577 1660 801 1709 ehretiens,
834 1658 1119 1699 demande-lui
1151 1659 1206 1697 οὺ
1236 1662 1298 1698 est
1330 1660 1437 1697 cette
1469 1656 1673 1698 etet-nelle

99 1728 231 1768 clerte
251 1725 353 1780 qu’il
372 1729 413 1765 te
432 1729 596 1778 promet
614 1725 719 1765 dans
739 1725 797 1764 les
817 1724 954 1771 cieux,
976 1724 1010 1762 si
1030 1726 1076 1762 tu
1096 1735 1140 1763 es
1158 1723 1362 1763 chi-elien.
1378 1724 1548 1763 Comme
1568 1723 1598 1763 il
1618 1734 1672 1763 ne

103 1803 260 1845 pout-ra
280 1803 354 1843 pas
372 1794 413 1830 te
434 1790 674 1842 l'indiquer‚
691 1789 952 1829 envoie-moi
972 1789 1043 1828 des
1063 1788 1238 1839 deputes
1268 1788 1339 1827 des
1370 1788 1481 1828 deux
1512 1799 1670 1841 cumps,

96 1858 144 1910 je
163 1858 222 1897 les
242 1855 460 1896 eouduirai
482 1855 729 1894 moi-meme
751 1858 791 1894 et
808 1854 852 1906 je
873 1854 964 1893 leur
982 1853 1215 1893 montrerai
1235 1865 1318 1893 une
1331 1853 1530 1893 demeure
1545 1853 1671 1894 d'une

533 150 709 183 nemen
738 150 950 182 nmmcne
980 149 1031 178 ne
1061 140 1242 179 canens.

103 2009 263 2042 mortem
291 2004 444 2040 cadunt.
467 2003 528 2040 Sic
558 2002 718 2038 fascinat
738 2011 867 2038 eorum

101 2051 248 2096 ocutos,
269 2056 345 2087 tam
375 2052 527 2094 mentis,
553 2060 666 2097 quam
686 2049 865 2095 corporis,

99 2100 194 2136 dum
217 2099 328 2145 hujus
347 2098 475 2134 saeculi
508 2108 566 2134 res
597 2097 718 2144 pingit
737 2101 771 2133 et
793 2097 867 2132 iin-

127 2147 155 2183 it
173 2151 214 2184 ut
233 2146 429 2193 pretiosas,
446 2151 485 2182 ut
499 2146 545 2182 ed
561 2156 623 2181 eas
637 2154 867 2191 consequen·

100 2158 169 2231 gas
189 2195 376 2231 adoretur.

149 2242 219 2278 Sed
246 2252 324 2278 non
356 2241 510 2283 mirum,
531 2240 629 2287 quod
663 2250 721 2275 res
755 2238 866 2285 hujus

100 2289 231 2326 saeculi
269 2293 462 2325 ostentans
500 2293 536 2324 et
572 2287 772 2333 effingens,
804 2297 866 2322 eas

100 2337 235 2374 audeat
273 2338 351 2373 suis
388 2335 597 2372 cultoribus
635 2335 864 2381 promittere,

101 2384 167 2432 qui
186 2385 302 2421 etiam
321 2384 546 2430 quandoque
570 2382 682 2418 fallax
703 2381 866 2418 coelestis

98 2432 231 2516 goriae
283 2433 478 2478 specimen
527 2430 707 2475 effingere
753 2439 865 2466 ausus

143 2479 186 2523 it,
207 2484 244 2515 ut
265 2480 311 2515 ad
332 2489 372 2515 se
426 2478 582 2515 uosdam
611 2477 793 2519 alliceret,
808 2476 864 2512 vel

102 2531 143 2563 ut
160 2537 225 2564 eos
243 2527 284 2563 in
306 2537 373 2563 suo
387 2536 409 2563 o
438 2526 567 2572 sequio
588 2529 865 2571 perseverantes

101 2574 284 2611 redderet.
317 2574 378 2610 Sic
408 2583 487 2610 uon
519 2574 642 2610 solum
679 2582 793 2618 regna
829 2576 866 2608 et

101 2621 258 2668 glorium
281 2621 411 2658 saeeuli
430 2621 476 2657 ad
504 2631 543 2656 se
564 2625 733 2667 spectare
752 2629 864 2655 men-

100 2668 206 2714 titur,
225 2669 290 2705 sed
309 2669 423 2705 etiam
450 2678 608 2714 regnum
640 2671 676 2703 et
705 2667 864 2714 gloriam

98 2715 208 2798 (111»Ιί.
225 2716 317 2753 Audi
338 2717 451 2763 hujus
465 2717 518 2752 rei
533 2714 722 2752 nonnulla
741 2724 865 2751 exem-

144 2773 180 2798 a.

102 2771 128 2809 p
152 2810 248 2846 Cum
261 2809 410 2847 Rabdod
417 2821 459 2847 us
475 2811 653 2857 Princeps
665 2810 861 2846 Frisonum

131 2855 331 2894 mdioante
366 2863 497 2895 sancto
543 2858 771 2895 Wulrranno
814 2858 862 2893 ad

157 2903 335 2950 ptismmn
365 2905 600 2949 invitaretur,
633 2910 667 2941 et
707 2905 862 2951 aegritu-

907 1999 1042 2037 obtulit
1061 2010 1100 2036 se
1121 2000 1155 2036 ei
1175 1999 1348 2036 diabolus
1363 2004 1551 2036 nocturno
1571 2004 1671 2037 tem-

907 2058 1010 2094 pore,
1039 2048 1130 2084 dum
1159 2048 1284 2093 sopori
1313 2058 1352 2083 se
1384 2047 1560 2083 dedisset.
1583 2047 1671 2085 Erat

905 2100 1030 2132 autem
1051 2105 1164 2131 aureo
1190 2095 1414 2139 diademate,
1435 2099 1470 2131 et
1490 2094 1672 2141 fulgenti-

907 2142 975 2179 bus
1007 2142 1182 2189 gemmis,
1203 2153 1390 2188 aureaque
1419 2146 1518 2178 veste
1550 2142 1671 2180 textili

905 2191 1225 2227 circumamictus,
1247 2191 1340 2226 Cum
1372 2199 1457 2226 vero
1488 2190 1670 2227 attonitus

906 2238 1080 2284 princeps
1116 2238 1213 2274 hane
1249 2237 1414 2283 speciem
1445 2237 1668 2282 intueretur,

904 2286 958 2322 sic
978 2286 1126 2322 daemon
1144 2295 1232 2321 cum
1251 2285 1437 2321 allocutus
1456 2290 1511 2320 est
1529 2295 1560 2321 ει
1586 2285 1668 2330 Die,

903 2343 1044 2379 quaeso,
1058 2334 1142 2380 quis
1161 2337 1197 2368 te
1216 2333 1268 2368 ita
1285 2332 1448 2374 seduxit„
1465 2337 1502 2368 ut
1522 2343 1544 2368 a
1564 2331 1669 2370 cultu

907 2382 1066 2417 Deorum
1085 2385 1134 2427 get
1163 2380 1479 2426 praedeeessorum
1518 2384 1670 2418 tuorum

906 2429 1088 2473 religione
1108 2428 1214 2472 velis,
1234 2427 1454 2464 discedere?
1474 2426 1574 2471 Noti,
1595 2427 1669 2464 ob—

903 2486 1024 2519 secro,
1046 2477 1097 2512 ita
1115 2486 1239 2521 agere,
1261 2475 1379 2511 sedin
1402 2475 1459 2510 his
1479 2484 1562 2521 quae
1583 2474 1668 2512 hae-

905 2529 1014 2559 tenus
1051 2524 1205 2560 tenuisti
1230 2532 1422 2569 permane,
1444 2522 1591 2568 ibisque
1618 2522 1667 2559 ad

903 2571 1035 2607 domos
1054 2581 1185 2607 aureas
1205 2570 1432 2606 aeterualiter
1453 2579 1665 2615 mansuras,

904 2629 997 2664 quas
1029 2619 1094 2654 tibi
1117 2619 1155 2654 in
1177 2618 1348 2664 proximo
1379 2627 1464 2653 sum
1495 2617 1664 2654 datm-us.

904 2669 1136 2712 Quapropter
1167 2675 1250 2702 cras
1279 2674 1477 2701 accersens
1495 2664 1667 2701 Wull'rn-

905 2724 1012 2755 num,
1039 2713 1338 2749 Christianorum
1360 2712 1568 2756 Doctorem,
1602 2712 1668 2749 in-

904 2761 1009 2807 quire
1029 2761 1076 2796 ab
1094 2771 1152 2802 eo,
1174 2759 1330 2796 ubinam
1355 2760 1403 2795 sit
1434 2760 1582 2796 mansio
1601 2759 1668 2798 iun

903 2813 1053 2844 aeternae
1085 2807 1285 2851 claritatis,
1318 2816 1431 2853 quam
1469 2807 1669 2854 pollicetur

904 2855 971 2891 tibi
1009 2855 1048 2891 in
1084 2854 1318 2898 coelestibus‚
1358 2854 1391 2890 si
1428 2854 1664 2892 Christianus

905 2903 984 2939 tias.
1008 2903 1112 2938 Hanc
1130 2912 1219 2939 cum
1249 2902 1506 2939 demonstrare
1526 2902 1664 2950 nequl—

102 2950 196 2988 dine
219 2948 384 2989 amiotus
407 2959 454 2990 u
479 2953 529 2990 de
559 2963 598 2990 re
626 2952 864 2996 deliberaret,
904 2950 1008 2996 verit,
1031 2950 1228 2987 mittentur
1257 2949 1451 2997 utriusque
1468 2950 1586 2996 partis
1603 2949 1662 2988 lo-
